2648 4822
224 405 290 497 138
566 426 734 476 errorum
761 429 871 477 ouvrr.
1004 421 1086 477 ur.
1104 426 1134 479 c.
1152 418 1200 491 90!

217 537 304 610 sime
330 532 484 631 fuerunt,
500 555 595 603 nune
613 544 789 630 prostrata
809 544 845 602 et
869 528 983 603 dinrta
1001 543 1083 605 ante
1100 530 1223 607 oeulos

217 663 342 734 iacent.
367 659 479 758 Coepi
505 671 643 755 egomet
669 683 806 729 mecum
832 658 882 729 sic
908 657 1078 755 cogitare:
1110 658 1219 730 Heml

215 812 281 861 uos
305 784 510 861 homunculi
544 783 782 883 indignamur,
814 785 843 856 si
878 784 955 884 quis
980 797 1141 857 nostrum
1166 785 1220 858 in-

214 914 326 1014 teriit,
351 927 413 986 aut
438 912 574 986 occisus
601 922 677 1010 est,
705 937 854 1014 quorum
880 912 953 984 vita
976 910 1121 986 brevior
1146 926 1220 985 esse¹

213 1039 340 1141 debet,
377 1065 485 1143 quum
512 1063 583 1112 uuo
609 1037 691 1112 loco
716 1051 773 1111 tot
798 1036 970 1138 oppidum
990 1052 1020 1087 ²⁰
1047 1037 1220 1113 cadevera

215 1168 373 1267 proiecta
407 1164 567 1247 iaceant?
592 1165 702 1239 Visne
728 1178 767 1239 tu
797 1178 854 1264 te,
885 1164 983 1241 Servi
995 1219 1007 1265 ,
1038 1163 1221 1266 cohibere,

214 1307 252 1368 el
283 1294 506 1391 meminisse,
543 1291 723 1365 homiuem
760 1304 796 1364 te
828 1316 904 1364 csse
934 1289 1083 1375 natuml
1108 1289 1220 1367 Crede

215 1420 300 1493 milri
314 1420 572 1518 :cogitatione
606 1444 647 1491 eu
680 1443 754 1490 nou
783 1417 1006 1490 mediocriter
1031 1445 1109 1491 eum
1136 1442 1221 1491 cone

215 1542 381 1618 firmatus.
406 1546 485 1618 Hoc
512 1544 676 1644 idem,
650 1570 679 1616 er
705 1543 771 1617 tibi
797 1542 947 1679 videtur,
963 1543 1017 1616 lac
1040 1557 1123 1618 ante
1139 1568 1220 1618 ocu

215 1664 271 1743 los
295 1670 359 1757 tibi
393 1697 583 1772 proponas.
620 1670 732 1743 Modo
769 1694 841 1744 uno
873 1684 1033 1772 tempore
1066 1683 1121 1744 tot
1154 1671 1219 1744 viri

216 1772 462 1889 clarissimi²¹
454 1798 678 1895 interieruut3
696 1797 766 1869 de
757 1797 905 1898 rmpen‘o
922 1808 1103 1898 praeterea
1122 1811 1220 1871 tauta

216 1923 410 2000 deminutio
437 1924 530 1998 laeta
556 1939 627 2022 est3
660 1950 782 1997 omnes
818 1924 1022 2025 provinciae
1048 1950 1221 2026 conquae

213 2063 310 2123 setae
335 2065 437 2123 sunt:
471 2052 509 2123 in
542 2052 645 2123 unius
676 2049 901 2125 mulierculae
934 2050 1090 2141 auimule
1113 2053 1144 2124 ei
1170 2051 1219 2122 ia·

109 2222 111 2226 »
213 2190 311 2249 ctura
337 2176 426 2251 facta
453 2191 530 2276 est,
567 2190 667 2249 teuto
702 2202 811 2278 opere
845 2177 1104 2251 commoveris?
1130 2201 1220 2278 quae

213 2283 343 2376 silroc⁴
368 2318 527 2404 ternpore
559 2328 632 2376 non
667 2303 760 2376 diem
786 2330 887 2375 suum
913 2302 1065 2403 obisset,
1097 2304 1218 2404 paucis

213 2424 296 2529 post
328 2432 435 2503 anuis¹
461 2446 578 2504 tamen
615 2431 646 2502 ei
684 2429 1014 2528 moriendumluit,
1048 2433 1218 2531 quoniam

213 2552 321 2629 homo
347 2573 430 2631 ueta
457 2557 578 2629 fuerat.

263 2684 288 2778 4
312 2684 431 2759 Etiam
456 2697 495 2756 tu
520 2681 565 2754 ab
599 2682 694 2755 hisce
726 2681 831 2756 rebus
849 2697 881 2730 ²²
908 2682 1063 2759 animum
1089 2709 1131 2755 ac
1158 2709 1220 2756 co·

215 2806 419 2904 gitalionem
445 2823 542 2881 tuam
569 2835 703 2909 avoca,
734 2824 839 2909 atque
869 2835 910 2882 ea
936 2811 1054 2909 polius
1079 2809 1221 2882 remini-

214 2958 326 3032 scere,
344 2961 432 3035 quae
459 2935 563 3033 digna
594 2949 651 3008 tua
678 2960 829 3036 persona
854 2947 952 3008 sunt:
970 2933 1083 3032 illam,
1101 2961 1221 3036 quam·

215 3057 274 3130 diu
301 3061 333 3131 ei
359 3087 447 3161 opus
473 3063 599 3161 suerit,
629 3063 778 3162 vixisse3
811 3088 881 3134 una
908 3089 990 3135 cum
1014 3087 1052 3135 re
1077 3060 1219 3161 publica

212 3181 317 3257 fuisse
336 3188 381 3286 ²³5
398 3202 450 3287 te,
467 3204 605 3288 patrem
632 3216 734 3262 suum
742 3245 753 3287 7
777 3203 995 3289 praetorem,
1021 3184 1219 3285 consulem,

213 3336 377 3410 augurem
404 3315 548 3415 vidisse5
567 3315 849 3390 adolescentibus
870 3316 1045 3416 primariis
1069 3327 1218 3414 nuptam

212 3434 335 3539 fuisse3
375 3442 539 3516 omnibus
577 3443 681 3535 bonis
719 3468 831 3542 prope
864 3440 1086 3543 perfunctam
1119 3466 1219 3549 esse3

212 3588 321 3663 quum
347 3591 400 3639 res
425 3569 568 3668 publice
594 3569 790 3670 occideret,
809 3569 880 3644 vita
906 3568 1103 3643 excessisse.
1121 3567 1220 3660 Quid

213 3699 283 3786 est,
298 3691 394 3790 quod
412 3708 467 3794 tu,
493 3710 555 3779 auc
571 3695 648 3793 illa,
665 3723 746 3777 cum
771 3695 912 3779 fortuna
938 3695 1006 3769 lroc
1032 3691 1220 3777 nemiue²l

214 3815 312 3913 queri
345 3821 508 3918 possitis?
539 3823 700 3924 Denique
735 3821 809 3897 noli
848 3837 883 3896 te
917 3821 1080 3896 oblivisci
1116 3821 1220 3896 Cice·

214 3963 335 4015 renem
361 3971 458 4047 esse,
482 3961 518 4020 ct
544 3975 645 4046 eum,
670 3949 730 4050 qui
755 3949 831 4023 eliis
857 3948 1035 4023 consueris
1054 3949 1085 3999 ²⁵
1117 3973 1219 4049 proc*
