2648 4822
161 417 208 516 74
491 430 662 482 errarem
687 432 813 482 nxxxv.
932 429 965 481 a.
981 432 1018 483 v.
1033 434 1064 483 c.
1083 430 1129 499 ,ου

158 539 334 635 stabunt),
351 534 465 607 illud²
482 537 582 636 quasi
601 547 845 607 consecratum
869 558 1051 609 remanere
1076 562 1151 637 pos·

158 669 211 737 sit
229 664 401 765 Equidem
418 664 488 735 iam
504 660 591 734 nihil
608 687 693 759 egeo
711 658 937 757 vectigalibus
948 662 977 759 ³,
990 674 1028 733 et
1045 688 1151 761 parvo

158 806 343 865 contentus
368 813 443 863 esse
467 815 620 889 possum.
647 790 773 886 Cogito
790 786 967 861 interdum
983 801 1080 863 trans
1096 788 1151 863 Ti·

155 919 266 992 herim
291 916 415 989 hortos
442 914 575 1017 aliquos
602 940 741 1014 parare,
765 928 800 986 et
825 912 967 1015 quidem
992 914 1041 989 ob
1065 916 1154 991 hanc

155 1070 296 1117 eausam
322 1044 482 1115 maxime.
510 1040 606 1115 Nihil
634 1042 726 1112 enim
752 1039 873 1139 video,
890 1040 987 1141 quod
1006 1056 1081 1115 tam
1105 1066 1156 1115 ce·

154 1169 250 1244 lebre
277 1197 351 1242 esse
380 1170 494 1269 possit
500 1196 512 1266 3
537 1168 600 1241 sed
621 1192 725 1268 quos,
743 1193 861 1241 coram
878 1166 1093 1243 videbimus:
1108 1168 1154 1241 ita

154 1312 296 1395 tanren,
331 1310 371 1368 nt
402 1296 469 1369 hac
499 1308 630 1367 aestate
655 1294 774 1367 lanum
798 1293 997 1369 absolutum
1021 1298 1077 1371 sit
1102 1298 1155 1371 Tu

155 1436 272 1494 tamen
299 1448 379 1493 cum
406 1420 529 1520 Apella
555 1420 646 1493 Chio
672 1420 805 1493 confice
831 1419 875 1491 de
901 1420 1076 1495 columnia
1092 1422 1118 1497 l.

207 1575 228 1619 2
253 1549 306 1620 De
331 1548 481 1619 Cocceio
509 1560 545 1618 et
568 1547 704 1619 Libone
734 1572 821 1647 quae
853 1546 992 1646 scribis,
1026 1574 1154 1649 appro-

155 1673 220 1769 bo,
244 1674 411 1769 maxime,
437 1671 533 1772 quod
560 1671 603 1743 de
628 1672 783 1744 iudicatu
810 1697 889 1745 meo
906 1676 933 1743 ⁵.

207 1798 227 1868 3
253 1798 306 1869 De
332 1822 463 1895 sponsu
479 1800 506 1895 ⁶,
530 1798 559 1868 si
585 1795 671 1897 quid
695 1798 928 1897 perspexeris:
948 1810 986 1870 et
1011 1812 1154 1871 manent

155 1921 240 2022 qnid
266 1937 510 2021 procuratores
536 1924 716 1997 Cornificii
743 1923 881 2021 dicant,
915 1922 1021 1996 velim
1047 1924 1152 2025 seire5

154 2047 200 2118 ita
227 2049 392 2119 utinen
419 2075 455 2120 re
482 2063 534 2146 te,
560 2076 668 2148 quum
695 2063 768 2121 tam
794 2062 986 2149 occupatus
1003 2051 1151 2149 sis,n0n

152 2172 302 2244 multum
328 2199 456 2272 operae
481 2174 587 2246 uelim
612 2200 754 2273 ponere.

205 2300 228 2391 4
254 2300 307 2370 Ile
333 2301 517 2379 Αιιῑοιιίο8
535 2326 674 2401 quoque
690 2300 820 2373 Balbus
847 2300 892 2374 ad
909 2328 966 2373 me
983 2328 1066 2375 cum
1081 2304 1152 2403 Op·

152 2426 213 2524 pio
239 2427 464 2525 conscripsit,
496 2426 602 2527 idque
635 2427 699 2499 tibi
732 2427 919 2527 placuisse,
943 2454 990 2501 ne
1017 2444 1151 2529 pertur-

151 2549 261 2623 barer.
288 2552 360 2624 Illis
387 2555 440 2651 egi
474 2555 608 2650 gratias.
634 2554 687 2624 Te
723 2566 863 2651 tamen,
900 2568 940 2626 ut
974 2556 1046 2627 iam
1074 2568 1152 2627 ante

153 2676 198 2747 ad
226 2690 260 2747 te
286 2679 433 2775 scripsi,
464 2680 551 2750 scire
577 2679 681 2777 volo,
713 2706 769 2751 me
794 2705 907 2780 neque
932 2680 1002 2753 isto
1027 2680 1149 2753 nuntio

153 2826 227 2871 esse
252 2802 509 2900 perturbatum,
534 2828 598 2874 nec
624 2805 694 2875 iam
718 2803 790 2876 ullo
815 2804 1059 2902 perturbatum
1084 2804 1136 2877 iri.

203 2928 224 2997 5
251 2928 365 2998 Pansa
391 2929 419 2999 si
445 2928 569 3027 hodie,
601 2944 640 3001 ut
673 2930 840 3029 putabas,
875 2931 1054 3030 profectus
1079 2942 1152 3039 est,

152 3050 300 3149 posthac
332 3054 402 3124 inm
434 3055 581 3152 incipito
614 3055 765 3128 scribere
804 3055 849 3128 ad
881 3082 955 3154 me,
984 3056 1029 3131 de
1054 3054 1150 3131 Bruti

152 3176 338 3248 adrentus
364 3179 448 3278 quid
474 3196 675 3279 exspectes,
709 3182 747 3253 id
772 3195 847 3279 est,
879 3208 967 3283 quos
993 3183 1042 3255 ad
1068 3183 1149 3257 dies.

150 3301 212 3397 lrl,
244 3304 272 3373 si
306 3307 394 3377 scies
420 3305 480 3376 ubi
506 3308 574 3378 iam
600 3309 667 3404 sit,
701 3306 800 3379 facile
833 3309 1032 3383 coniectura
1063 3334 1150 3384 asae·

151 3452 266 3524 quero.

198 3553 223 3625 6
248 3554 355 3645 Quod
381 3556 427 3627 ad
452 3558 624 3629 Tironem
644 3558 688 3630 de
704 3558 869 3631 Terentia
891 3558 1039 3658 scribis,
1053 3560 1148 3633 obse·

151 3702 210 3749 cro
237 3692 287 3776 te,
312 3681 360 3751 mi
384 3683 515 3780 Attice,
541 3685 678 3782 suscipe
697 3698 811 3757 totum
828 3686 1018 3783 negotium.
1034 3685 1140 3759 Vides

151 3816 185 3873 et
211 3803 363 3876 osticium
395 3808 449 3905 agi
482 3835 597 3880 meum
632 3811 827 3911 quoddam,
853 3814 973 3885 cuitu
999 3838 1036 3885 es
1063 3836 1144 3887 con·

151 3928 257 4028 scius,
283 3945 335 4028 et,
361 3947 399 4004 ut
424 3932 582 4007 nonnulli
609 3951 751 4035 putant,
774 3938 951 4012 Ciceronis
976 3964 1052 4013 rem
1089 3936 1145 4013 lle·
