<?xml version="1.0" encoding="UTF-8"?>
<!DOCTYPE html PUBLIC "-//W3C//DTD XHTML 1.0 Transitional//EN"
    "http://www.w3.org/TR/xhtml1/DTD/xhtml1-transitional.dtd">
<html xmlns="http://www.w3.org/1999/xhtml" xml:lang="en" lang="en">
 <head>
  <title>
</title>
<meta http-equiv="Content-Type" content="text/html;charset=utf-8" />
  <meta name='ocr-system' content='tesseract 3.04.00' />
  <meta name='ocr-capabilities' content='ocr_page ocr_carea ocr_par ocr_line ocrx_word'/>
</head>
<body>
  <div class='ocr_page' id='page_1' title='image "./mtulliiciceroni11cicegoog/mtulliiciceroni11cicegoog_0468.png"; bbox 0 0 2648 4822; ppageno 0'>
   <div class='ocr_carea' id='block_1_1' title="bbox 542 382 795 433">
    <p class='ocr_par' dir='ltr' id='par_1_1' title="bbox 542 382 795 433">
     <span class='ocr_line' id='line_1_1' title="bbox 542 382 795 433; baseline -0.004 0"><span class='ocrx_word' id='word_1_1' title='bbox 542 385 581 433; x_wconf 74' lang='lat' dir='ltr'><strong>nt</strong></span> <span class='ocrx_word' id='word_1_2' title='bbox 606 382 795 432; x_wconf 73' lang='lat' dir='ltr'><strong>lrts&#39;rous</strong></span> 
     </span>
    </p>
   </div>
   <div class='ocr_carea' id='block_1_2' title="bbox 168 485 1195 1414">
    <p class='ocr_par' dir='ltr' id='par_1_2' title="bbox 173 485 745 572">
     <span class='ocr_line' id='line_1_2' title="bbox 173 485 745 572; baseline -0.021 -17"><span class='ocrx_word' id='word_1_3' title='bbox 173 511 207 556; x_wconf 78' lang='grc'><strong>11</strong></span> <span class='ocrx_word' id='word_1_4' title='bbox 228 490 285 572; x_wconf 82' lang='lat' dir='ltr'><strong>Ep.</strong></span> <span class='ocrx_word' id='word_1_5' title='bbox 306 487 451 569; x_wconf 80' lang='lat' dir='ltr'><strong>anm,</strong></span> <span class='ocrx_word' id='word_1_6' title='bbox 471 487 492 563; x_wconf 73' lang='grc'>4</span> <span class='ocrx_word' id='word_1_7' title='bbox 513 497 544 547; x_wconf 86' lang='lat' dir='ltr'><strong>et</strong></span> <span class='ocrx_word' id='word_1_8' title='bbox 561 486 696 567; x_wconf 82' lang='lat' dir='ltr'><strong>DLllll,</strong></span> <span class='ocrx_word' id='word_1_9' title='bbox 718 485 745 544; x_wconf 85' lang='lat'><strong>3.</strong></span> 
     </span>
    </p>

    <p class='ocr_par' dir='ltr' id='par_1_3' title="bbox 172 596 1146 687">
     <span class='ocr_line' id='line_1_3' title="bbox 172 596 1146 687; baseline -0.009 -29"><span class='ocrx_word' id='word_1_10' title='bbox 172 600 206 658; x_wconf 84' lang='lat'><strong>13</strong></span> <span class='ocrx_word' id='word_1_11' title='bbox 228 600 349 658; x_wconf 72' lang='lat' dir='ltr'><strong>Partim.</strong></span> <span class='ocrx_word' id='word_1_12' title='bbox 370 596 487 659; x_wconf 68' lang='lat' dir='ltr'><strong>Manui.</strong></span> <span class='ocrx_word' id='word_1_13' title='bbox 621 611 623 615; x_wconf 79' lang='grc'>’</span> <span class='ocrx_word' id='word_1_14' title='bbox 749 619 756 633; x_wconf 84' lang='lat'><strong>·</strong></span> <span class='ocrx_word' id='word_1_15' title='bbox 948 646 951 653; x_wconf 80' lang='grc'>,</span> <span class='ocrx_word' id='word_1_16' title='bbox 1145 684 1146 687; x_wconf 8' lang='grc' dir='ltr'><strong>Ἴ</strong></span> 
     </span>
    </p>

    <p class='ocr_par' dir='ltr' id='par_1_4' title="bbox 170 698 1195 800">
     <span class='ocr_line' id='line_1_4' title="bbox 170 698 1195 800; baseline -0.005 -34"><span class='ocrx_word' id='word_1_17' title='bbox 170 707 206 782; x_wconf 76' lang='grc'><strong>14</strong></span> <span class='ocrx_word' id='word_1_18' title='bbox 228 705 359 782; x_wconf 81' lang='lat' dir='ltr'>Scilicet,</span> <span class='ocrx_word' id='word_1_19' title='bbox 379 705 543 784; x_wconf 73' lang='lat' dir='ltr'><strong>auctionu3</strong></span> <span class='ocrx_word' id='word_1_20' title='bbox 563 722 619 784; x_wconf 85' lang='lat' dir='ltr'><strong>pro</strong></span> <span class='ocrx_word' id='word_1_21' title='bbox 641 699 809 783; x_wconf 85' lang='lat' dir='ltr'><strong>simpliciter</strong></span> <span class='ocrx_word' id='word_1_22' title='bbox 827 698 873 761; x_wconf 83' lang='lat' dir='ltr'><strong>ad</strong></span> <span class='ocrx_word' id='word_1_23' title='bbox 890 703 1064 768; x_wconf 62' lang='lat' dir='ltr'><strong>auctiorem</strong></span> <span class='ocrx_word' id='word_1_24' title='bbox 1151 749 1173 800; x_wconf 36' lang='grc' dir='ltr'><strong>ζ,</strong></span> <span class='ocrx_word' id='word_1_25' title='bbox 1193 740 1195 745; x_wconf 92' lang='grc'>-</span> 
     </span>
    </p>

    <p class='ocr_par' dir='ltr' id='par_1_5' title="bbox 170 807 1117 895">
     <span class='ocr_line' id='line_1_5' title="bbox 170 807 1117 895; baseline -0.007 -23"><span class='ocrx_word' id='word_1_26' title='bbox 170 812 205 872; x_wconf 87' lang='grc'><strong>15</strong></span> <span class='ocrx_word' id='word_1_27' title='bbox 226 814 307 893; x_wconf 83' lang='lat' dir='ltr'><strong>Qui,</strong></span> <span class='ocrx_word' id='word_1_28' title='bbox 328 823 431 895; x_wconf 77' lang='lat' dir='ltr'>utpote</span> <span class='ocrx_word' id='word_1_29' title='bbox 453 811 553 889; x_wconf 84' lang='lat' dir='ltr'><strong>dives,</strong></span> <span class='ocrx_word' id='word_1_30' title='bbox 575 830 673 870; x_wconf 90' lang='lat' dir='ltr'><strong>emere</strong></span> <span class='ocrx_word' id='word_1_31' title='bbox 695 807 835 895; x_wconf 78' lang='lat' dir='ltr'><strong>volebat3</strong></span> <span class='ocrx_word' id='word_1_32' title='bbox 856 807 914 869; x_wconf 84' lang='lat' dir='ltr'>vid.</span> <span class='ocrx_word' id='word_1_33' title='bbox 934 808 992 872; x_wconf 74' lang='lat' dir='ltr'><strong>loc.</strong></span> <span class='ocrx_word' id='word_1_34' title='bbox 1011 830 1079 893; x_wconf 82' lang='lat' dir='ltr'><strong>app.</strong></span> <span class='ocrx_word' id='word_1_35' title='bbox 1114 860 1117 865; x_wconf 77' lang='grc'>,</span> 
     </span>
    </p>

    <p class='ocr_par' dir='ltr' id='par_1_6' title="bbox 170 917 1167 1218">
     <span class='ocr_line' id='line_1_6' title="bbox 170 917 1167 1000; baseline 0 -21"><span class='ocrx_word' id='word_1_36' title='bbox 170 920 205 985; x_wconf 92' lang='grc'><strong>16</strong></span> <span class='ocrx_word' id='word_1_37' title='bbox 226 920 420 1000; x_wconf 82' lang='lat' dir='ltr'><strong>Verendum,</strong></span> <span class='ocrx_word' id='word_1_38' title='bbox 441 942 479 979; x_wconf 92' lang='lat' dir='ltr'><strong>ne</strong></span> <span class='ocrx_word' id='word_1_39' title='bbox 499 922 523 980; x_wconf 93' lang='lat' dir='ltr'><strong>is</strong></span> <span class='ocrx_word' id='word_1_40' title='bbox 542 919 646 979; x_wconf 85' lang='lat' dir='ltr'><strong>hortos</strong></span> <span class='ocrx_word' id='word_1_41' title='bbox 666 917 739 977; x_wconf 89' lang='lat' dir='ltr'><strong>mibi</strong></span> <span class='ocrx_word' id='word_1_42' title='bbox 759 920 877 1000; x_wconf 86' lang='lat' dir='ltr'><strong>eripiat,</strong></span> <span class='ocrx_word' id='word_1_43' title='bbox 894 937 989 999; x_wconf 84' lang='lat' dir='ltr'><strong>quum</strong></span> <span class='ocrx_word' id='word_1_44' title='bbox 1003 937 1062 992; x_wconf 14' lang='lat' dir='ltr'><strong>*eoo</strong></span> <span class='ocrx_word' id='word_1_45' title='bbox 1081 917 1167 992; x_wconf 71' lang='lat' dir='ltr'><strong>valde</strong></span> 
     </span>
     <span class='ocr_line' id='line_1_7' title="bbox 205 1027 1167 1112; baseline 0.003 -25"><span class='ocrx_word' id='word_1_46' title='bbox 205 1040 342 1112; x_wconf 77' lang='lat' dir='ltr'><strong>appetat3</strong></span> <span class='ocrx_word' id='word_1_47' title='bbox 362 1049 421 1088; x_wconf 90' lang='lat' dir='ltr'><strong>non</strong></span> <span class='ocrx_word' id='word_1_48' title='bbox 443 1030 538 1089; x_wconf 78' lang='lat' dir='ltr'><strong>estin</strong></span> <span class='ocrx_word' id='word_1_49' title='bbox 558 1047 595 1088; x_wconf 87' lang='lat' dir='ltr'><strong>eo</strong></span> <span class='ocrx_word' id='word_1_50' title='bbox 616 1030 761 1110; x_wconf 83' lang='lat' dir='ltr'><strong>positum,</strong></span> <span class='ocrx_word' id='word_1_51' title='bbox 780 1035 815 1086; x_wconf 85' lang='lat' dir='ltr'><strong>ut</strong></span> <span class='ocrx_word' id='word_1_52' title='bbox 835 1028 973 1090; x_wconf 79' lang='lat' dir='ltr'><strong>auctione</strong></span> <span class='ocrx_word' id='word_1_53' title='bbox 985 1027 1104 1090; x_wconf 78' lang='lat' dir='ltr'><strong>vincere</strong></span> <span class='ocrx_word' id='word_1_54' title='bbox 1117 1046 1167 1094; x_wconf 85' lang='lat' dir='ltr'><strong>me</strong></span> 
     </span>
     <span class='ocr_line' id='line_1_8' title="bbox 204 1134 1037 1218; baseline 0.001 -23"><span class='ocrx_word' id='word_1_55' title='bbox 204 1140 315 1218; x_wconf 74' lang='lat' dir='ltr'><strong>possit3</strong></span> <span class='ocrx_word' id='word_1_56' title='bbox 336 1139 406 1196; x_wconf 91' lang='lat' dir='ltr'><strong>novi</strong></span> <span class='ocrx_word' id='word_1_57' title='bbox 426 1139 504 1198; x_wconf 87' lang='lat' dir='ltr'><strong>enim</strong></span> <span class='ocrx_word' id='word_1_58' title='bbox 526 1139 590 1196; x_wconf 80' lang='lat' dir='ltr'><strong>eius</strong></span> <span class='ocrx_word' id='word_1_59' title='bbox 608 1134 771 1196; x_wconf 78' lang='lat' dir='ltr'><strong>facultates.</strong></span> <span class='ocrx_word' id='word_1_60' title='bbox 791 1135 911 1197; x_wconf 66' lang='lat' dir='ltr'><strong>Bosiua</strong></span> <span class='ocrx_word' id='word_1_61' title='bbox 1035 1161 1037 1164; x_wconf 93' lang='lat'>·</span> 
     </span>
    </p>

    <p class='ocr_par' dir='ltr' id='par_1_7' title="bbox 169 1243 770 1326">
     <span class='ocr_line' id='line_1_9' title="bbox 169 1243 770 1326; baseline 0.002 -23"><span class='ocrx_word' id='word_1_62' title='bbox 169 1264 202 1322; x_wconf 85' lang='lat'><strong>17</strong></span> <span class='ocrx_word' id='word_1_63' title='bbox 225 1246 326 1322; x_wconf 84' lang='lat' dir='ltr'><strong>Quam</strong></span> <span class='ocrx_word' id='word_1_64' title='bbox 346 1244 416 1304; x_wconf 80' lang='lat' dir='ltr'><strong>vide</strong></span> <span class='ocrx_word' id='word_1_65' title='bbox 435 1243 475 1303; x_wconf 75' lang='lat' dir='ltr'><strong>nel</strong></span> <span class='ocrx_word' id='word_1_66' title='bbox 495 1265 541 1326; x_wconf 85' lang='lat' dir='ltr'><strong>ep.</strong></span> <span class='ocrx_word' id='word_1_67' title='bbox 562 1244 721 1324; x_wconf 83' lang='lat' dir='ltr'>DXLvss,</span> <span class='ocrx_word' id='word_1_68' title='bbox 742 1243 770 1306; x_wconf 84' lang='lat'><strong>3.</strong></span> 
     </span>
    </p>

    <p class='ocr_par' dir='ltr' id='par_1_8' title="bbox 168 1349 589 1414">
     <span class='ocr_line' id='line_1_10' title="bbox 168 1349 589 1414; baseline -0.002 -3"><span class='ocrx_word' id='word_1_69' title='bbox 168 1349 203 1411; x_wconf 87' lang='lat'><strong>18</strong></span> <span class='ocrx_word' id='word_1_70' title='bbox 223 1352 358 1413; x_wconf 80' lang='lat' dir='ltr'><strong>Futurus</strong></span> <span class='ocrx_word' id='word_1_71' title='bbox 378 1355 440 1412; x_wconf 80' lang='lat' dir='ltr'><strong>sim</strong></span> <span class='ocrx_word' id='word_1_72' title='bbox 466 1350 589 1414; x_wconf 76' lang='lat' dir='ltr'><strong>Corrad.</strong></span> 
     </span>
    </p>
   </div>
   <div class='ocr_carea' id='block_1_3' title="bbox 581 1675 745 1736">
    <p class='ocr_par' dir='ltr' id='par_1_9' title="bbox 581 1675 745 1736">
     <span class='ocr_line' id='line_1_11' title="bbox 581 1675 745 1736; baseline 0.006 -3"><span class='ocrx_word' id='word_1_73' title='bbox 581 1675 745 1736; x_wconf 87' lang='lat' dir='ltr'><strong>DLXVlll.</strong></span> 
     </span>
    </p>
   </div>
   <div class='ocr_carea' id='block_1_4' title="bbox 164 1887 1162 2081">
    <p class='ocr_par' dir='ltr' id='par_1_10' title="bbox 164 1887 1162 2081">
     <span class='ocr_line' id='line_1_12' title="bbox 164 1887 1162 1972; baseline 0.006 -26"><span class='ocrx_word' id='word_1_74' title='bbox 164 1909 174 1947; x_wconf 90' lang='lat'>1</span> <span class='ocrx_word' id='word_1_75' title='bbox 200 1887 340 1966; x_wconf 87' lang='lat' dir='ltr'><strong>Quatuor</strong></span> <span class='ocrx_word' id='word_1_76' title='bbox 365 1888 472 1951; x_wconf 78' lang='lat' dir='ltr'><strong>limbb.</strong></span> <span class='ocrx_word' id='word_1_77' title='bbox 504 1899 534 1950; x_wconf 86' lang='lat' dir='ltr'><strong>et</strong></span> <span class='ocrx_word' id='word_1_78' title='bbox 564 1889 624 1950; x_wconf 89' lang='lat' dir='ltr'><strong>Zel.</strong></span> <span class='ocrx_word' id='word_1_79' title='bbox 656 1890 680 1950; x_wconf 89' lang='lat' dir='ltr'>B</span> <span class='ocrx_word' id='word_1_80' title='bbox 709 1891 815 1972; x_wconf 70' lang='lat' dir='ltr'><strong>parelio</strong></span> <span class='ocrx_word' id='word_1_81' title='bbox 841 1891 939 1952; x_wconf 68' lang='lat' dir='ltr'><strong>etiarn.</strong></span> <span class='ocrx_word' id='word_1_82' title='bbox 961 1891 1077 1953; x_wconf 88' lang='lat' dir='ltr'><strong>Totum</strong></span> <span class='ocrx_word' id='word_1_83' title='bbox 1102 1889 1162 1952; x_wconf 92' lang='lat' dir='ltr'><strong>hoc</strong></span> 
     </span>
     <span class='ocr_line' id='line_1_13' title="bbox 199 1994 1119 2081; baseline 0.005 -27"><span class='ocrx_word' id='word_1_84' title='bbox 199 1994 369 2055; x_wconf 83' lang='lat' dir='ltr'><strong>membrum</strong></span> <span class='ocrx_word' id='word_1_85' title='bbox 389 1996 426 2055; x_wconf 86' lang='lat' dir='ltr'><strong>Si</strong></span> <span class='ocrx_word' id='word_1_86' title='bbox 444 1997 664 2057; x_wconf 79' lang='lat' dir='ltr'><strong>vales-soleo</strong></span> <span class='ocrx_word' id='word_1_87' title='bbox 686 1997 771 2060; x_wconf 79' lang='lat' dir='ltr'><strong>abest</strong></span> <span class='ocrx_word' id='word_1_88' title='bbox 789 2018 808 2058; x_wconf 85' lang='lat' dir='ltr'><strong>a</strong></span> <span class='ocrx_word' id='word_1_89' title='bbox 828 1997 910 2061; x_wconf 74' lang='lat' dir='ltr'><strong>libais</strong></span> <span class='ocrx_word' id='word_1_90' title='bbox 929 1997 1119 2081; x_wconf 77' lang='lat' dir='ltr'><strong>quibusdam</strong></span> 
     </span>
    </p>
   </div>
   <div class='ocr_carea' id='block_1_5' title="bbox 158 2099 1163 2188">
    <p class='ocr_par' dir='ltr' id='par_1_11' title="bbox 158 2099 1163 2188">
     <span class='ocr_line' id='line_1_14' title="bbox 158 2099 1163 2188; baseline 0.005 -27"><span class='ocrx_word' id='word_1_91' title='bbox 158 2123 177 2161; x_wconf 83' lang='lat'><em>2</em></span> <span class='ocrx_word' id='word_1_92' title='bbox 199 2104 233 2161; x_wconf 95' lang='lat' dir='ltr'><strong>ln</strong></span> <span class='ocrx_word' id='word_1_93' title='bbox 253 2113 305 2162; x_wconf 84' lang='lat' dir='ltr'><strong>tua</strong></span> <span class='ocrx_word' id='word_1_94' title='bbox 325 2104 447 2185; x_wconf 87' lang='lat' dir='ltr'><strong>praedia</strong></span> <span class='ocrx_word' id='word_1_95' title='bbox 466 2117 533 2188; x_wconf 83' lang='lat' dir='ltr'><strong>post</strong></span> <span class='ocrx_word' id='word_1_96' title='bbox 553 2104 671 2166; x_wconf 84' lang='lat' dir='ltr'>Tulliae</span> <span class='ocrx_word' id='word_1_97' title='bbox 700 2117 846 2184; x_wconf 81' lang='lat' dir='ltr'><strong>mortem,</strong></span> <span class='ocrx_word' id='word_1_98' title='bbox 880 2126 937 2166; x_wconf 92' lang='lat' dir='ltr'><strong>neo</strong></span> <span class='ocrx_word' id='word_1_99' title='bbox 965 2099 1091 2188; x_wconf 84' lang='lat' dir='ltr'><strong>amplius</strong></span> <span class='ocrx_word' id='word_1_100' title='bbox 1111 2127 1163 2173; x_wconf 78' lang='lat' dir='ltr'><strong>ve·</strong></span> 
     </span>
    </p>
   </div>
   <div class='ocr_carea' id='block_1_6' title="bbox 155 2212 1201 3998">
    <p class='ocr_par' dir='ltr' id='par_1_12' title="bbox 196 2212 1201 2831">
     <span class='ocr_line' id='line_1_15' title="bbox 198 2212 1163 2296; baseline 0.003 -26"><span class='ocrx_word' id='word_1_101' title='bbox 198 2214 276 2271; x_wconf 82' lang='lat' dir='ltr'><strong>neris</strong></span> <span class='ocrx_word' id='word_1_102' title='bbox 296 2213 431 2273; x_wconf 83' lang='lat' dir='ltr'><strong>Romam.</strong></span> <span class='ocrx_word' id='word_1_103' title='bbox 453 2212 537 2273; x_wconf 92' lang='lat' dir='ltr'><strong>Libri</strong></span> <span class='ocrx_word' id='word_1_104' title='bbox 567 2213 630 2274; x_wconf 83' lang='lat' dir='ltr'><strong>lere</strong></span> <span class='ocrx_word' id='word_1_105' title='bbox 659 2234 763 2274; x_wconf 85' lang='lat' dir='ltr'><strong>omnes</strong></span> <span class='ocrx_word' id='word_1_106' title='bbox 788 2233 882 2296; x_wconf 81' lang='lat' dir='ltr'><strong>quam</strong></span> <span class='ocrx_word' id='word_1_107' title='bbox 908 2234 931 2275; x_wconf 82' lang='lat' dir='ltr'><strong>a</strong></span> <span class='ocrx_word' id='word_1_108' title='bbox 949 2235 997 2274; x_wconf 87' lang='lat' dir='ltr'><strong>me</strong></span> <span class='ocrx_word' id='word_1_109' title='bbox 1017 2213 1163 2276; x_wconf 70' lang='lat' dir='ltr'><strong>discesse-</strong></span> 
     </span>
     <span class='ocr_line' id='line_1_16' title="bbox 197 2320 1162 2403; baseline 0.003 -26"><span class='ocrx_word' id='word_1_110' title='bbox 197 2339 271 2390; x_wconf 82' lang='lat' dir='ltr'><strong>ras,·</strong></span> <span class='ocrx_word' id='word_1_111' title='bbox 303 2341 395 2401; x_wconf 86' lang='lat' dir='ltr'><strong>quam</strong></span> <span class='ocrx_word' id='word_1_112' title='bbox 425 2320 583 2381; x_wconf 87' lang='lat' dir='ltr'><strong>lectionem</strong></span> <span class='ocrx_word' id='word_1_113' title='bbox 612 2323 738 2403; x_wconf 83' lang='lat' dir='ltr'><strong>interpp.</strong></span> <span class='ocrx_word' id='word_1_114' title='bbox 766 2324 874 2403; x_wconf 83' lang='lat' dir='ltr'><strong>passim</strong></span> <span class='ocrx_word' id='word_1_115' title='bbox 900 2324 1102 2383; x_wconf 77' lang='lat' dir='ltr'><strong>meminerunt</strong></span> <span class='ocrx_word' id='word_1_116' title='bbox 1126 2341 1162 2380; x_wconf 85' lang='lat' dir='ltr'><strong>nc</strong></span> 
     </span>
     <span class='ocr_line' id='line_1_17' title="bbox 197 2427 1161 2508; baseline 0.003 -23"><span class='ocrx_word' id='word_1_117' title='bbox 197 2436 339 2508; x_wconf 83' lang='lat' dir='ltr'><strong>tuentur,</strong></span> <span class='ocrx_word' id='word_1_118' title='bbox 369 2448 425 2486; x_wconf 90' lang='lat' dir='ltr'><strong>nec</strong></span> <span class='ocrx_word' id='word_1_119' title='bbox 450 2439 550 2488; x_wconf 81' lang='lat' dir='ltr'><strong>tamen</strong></span> <span class='ocrx_word' id='word_1_120' title='bbox 570 2427 721 2507; x_wconf 78' lang='lat' dir='ltr'><strong>vulgatam</strong></span> <span class='ocrx_word' id='word_1_121' title='bbox 747 2430 951 2489; x_wconf 80' lang='lat' dir='ltr'><strong>immutarunt</strong></span> <span class='ocrx_word' id='word_1_122' title='bbox 972 2428 1161 2489; x_wconf 87' lang='lat' dir='ltr'><strong>Victoriuse</strong></span> 
     </span>
     <span class='ocr_line' id='line_1_18' title="bbox 196 2533 1201 2616; baseline 0.004 -24"><span class='ocrx_word' id='word_1_123' title='bbox 196 2545 272 2593; x_wconf 80' lang='lat' dir='ltr'><strong>msto</strong></span> <span class='ocrx_word' id='word_1_124' title='bbox 292 2534 437 2596; x_wconf 83' lang='lat' dir='ltr'><strong>Vaticano</strong></span> <span class='ocrx_word' id='word_1_125' title='bbox 458 2534 608 2596; x_wconf 84' lang='lat' dir='ltr'><strong>substituit</strong></span> <span class='ocrx_word' id='word_1_126' title='bbox 626 2533 818 2616; x_wconf 67' lang='lat' dir='ltr'><strong>discesserat,</strong></span> <span class='ocrx_word' id='word_1_127' title='bbox 845 2534 1005 2596; x_wconf 82' lang='lat' dir='ltr'><strong>subaudito</strong></span> <span class='ocrx_word' id='word_1_128' title='bbox 1029 2533 1159 2610; x_wconf 76' lang='lat' dir='ltr'><strong>ansar,</strong></span> <span class='ocrx_word' id='word_1_129' title='bbox 1197 2606 1201 2611; x_wconf 43' lang='lat'>,</span> 
     </span>
     <span class='ocr_line' id='line_1_19' title="bbox 196 2640 1159 2722; baseline 0.005 -23"><span class='ocrx_word' id='word_1_130' title='bbox 196 2640 442 2722; x_wconf 82' lang='lat' dir='ltr'><strong>adstipulantibus</strong></span> <span class='ocrx_word' id='word_1_131' title='bbox 471 2642 618 2701; x_wconf 90' lang='lat' dir='ltr'><strong>Lambino</strong></span> <span class='ocrx_word' id='word_1_132' title='bbox 649 2654 678 2702; x_wconf 92' lang='lat' dir='ltr'><strong>et</strong></span> <span class='ocrx_word' id='word_1_133' title='bbox 710 2642 882 2704; x_wconf 87' lang='lat' dir='ltr'><strong>Gebhardo.</strong></span> <span class='ocrx_word' id='word_1_134' title='bbox 919 2643 980 2703; x_wconf 88' lang='lat' dir='ltr'><strong>Sed</strong></span> <span class='ocrx_word' id='word_1_135' title='bbox 1010 2642 1042 2704; x_wconf 92' lang='lat' dir='ltr'><strong>id</strong></span> <span class='ocrx_word' id='word_1_136' title='bbox 1072 2644 1159 2704; x_wconf 78' lang='lat' dir='ltr'><strong>nimis</strong></span> 
     </span>
     <span class='ocr_line' id='line_1_20' title="bbox 196 2746 797 2831; baseline 0.013 -26"><span class='ocrx_word' id='word_1_137' title='bbox 196 2746 358 2831; x_wconf 89' lang='lat' dir='ltr'><strong>abruptum</strong></span> <span class='ocrx_word' id='word_1_138' title='bbox 381 2770 442 2809; x_wconf 87' lang='lat' dir='ltr'><strong>esse</strong></span> <span class='ocrx_word' id='word_1_139' title='bbox 463 2752 521 2809; x_wconf 87' lang='lat' dir='ltr'><strong>iam</strong></span> <span class='ocrx_word' id='word_1_140' title='bbox 542 2750 615 2811; x_wconf 82' lang='lat' dir='ltr'><strong>vidit</strong></span> <span class='ocrx_word' id='word_1_141' title='bbox 633 2750 797 2813; x_wconf 84' lang='lat' dir='ltr'><strong>Ernestius.</strong></span> 
     </span>
    </p>

    <p class='ocr_par' dir='ltr' id='par_1_13' title="bbox 155 2854 1157 3135">
     <span class='ocr_line' id='line_1_21' title="bbox 155 2854 1157 2941; baseline 0.005 -28"><span class='ocrx_word' id='word_1_142' title='bbox 155 2854 173 2913; x_wconf 88' lang='lat'>3</span> <span class='ocrx_word' id='word_1_143' title='bbox 195 2855 297 2916; x_wconf 89' lang='lat' dir='ltr'><strong>Genus</strong></span> <span class='ocrx_word' id='word_1_144' title='bbox 317 2856 458 2940; x_wconf 93' lang='lat' dir='ltr'><strong>loquendi</strong></span> <span class='ocrx_word' id='word_1_145' title='bbox 479 2859 599 2923; x_wconf 89' lang='lat' dir='ltr'><strong>Graecis</strong></span> <span class='ocrx_word' id='word_1_146' title='bbox 619 2862 777 2941; x_wconf 79' lang='lat' dir='ltr'><strong>usitatum3</strong></span> <span class='ocrx_word' id='word_1_147' title='bbox 793 2857 873 2941; x_wconf 87' lang='lat' dir='ltr'><strong>apud</strong></span> <span class='ocrx_word' id='word_1_148' title='bbox 894 2879 969 2940; x_wconf 82' lang='lat' dir='ltr'><strong>quos</strong></span> <span class='ocrx_word' id='word_1_149' title='bbox 989 2859 1157 2941; x_wconf 84' lang='lat' dir='ltr'><strong>relativum,</strong></span> 
     </span>
     <span class='ocr_line' id='line_1_22' title="bbox 194 2964 1157 3050; baseline 0.005 -28"><span class='ocrx_word' id='word_1_150' title='bbox 194 2964 277 3045; x_wconf 92' lang='lat' dir='ltr'><strong>quod</strong></span> <span class='ocrx_word' id='word_1_151' title='bbox 298 2965 465 3046; x_wconf 86' lang='lat' dir='ltr'><strong>appellant,</strong></span> <span class='ocrx_word' id='word_1_152' title='bbox 485 2970 622 3048; x_wconf 80' lang='lat' dir='ltr'><strong>congruit</strong></span> <span class='ocrx_word' id='word_1_153' title='bbox 643 2989 711 3027; x_wconf 93' lang='lat' dir='ltr'><strong>cum</strong></span> <span class='ocrx_word' id='word_1_154' title='bbox 732 2989 784 3050; x_wconf 75' lang='lat' dir='ltr'><strong>eo,</strong></span> <span class='ocrx_word' id='word_1_155' title='bbox 804 2966 888 3048; x_wconf 93' lang='lat' dir='ltr'><strong>quod</strong></span> <span class='ocrx_word' id='word_1_156' title='bbox 908 2966 1084 3028; x_wconf 78' lang='lat' dir='ltr'><strong>antecedens</strong></span> <span class='ocrx_word' id='word_1_157' title='bbox 1103 2987 1157 3027; x_wconf 89' lang='lat' dir='ltr'><strong>no·</strong></span> 
     </span>
     <span class='ocr_line' id='line_1_23' title="bbox 194 3073 476 3135; baseline -0.007 -1"><span class='ocrx_word' id='word_1_158' title='bbox 194 3075 317 3135; x_wconf 79' lang='lat' dir='ltr'><strong>minant</strong></span> <span class='ocrx_word' id='word_1_159' title='bbox 339 3073 476 3135; x_wconf 70' lang='lat' dir='ltr'><strong>Lamto.</strong></span> 
     </span>
    </p>

    <p class='ocr_par' dir='ltr' id='par_1_14' title="bbox 155 3179 1159 3585">
     <span class='ocr_line' id='line_1_24' title="bbox 155 3179 1158 3265; baseline 0.002 -25"><span class='ocrx_word' id='word_1_160' title='bbox 155 3180 176 3255; x_wconf 76' lang='grc'><em>4</em></span> <span class='ocrx_word' id='word_1_161' title='bbox 195 3179 277 3240; x_wconf 87' lang='lat' dir='ltr'><strong>Libri</strong></span> <span class='ocrx_word' id='word_1_162' title='bbox 299 3184 397 3263; x_wconf 87' lang='lat' dir='ltr'><strong>scripti</strong></span> <span class='ocrx_word' id='word_1_163' title='bbox 423 3181 536 3261; x_wconf 84' lang='lat' dir='ltr'><strong>aliquot</strong></span> <span class='ocrx_word' id='word_1_164' title='bbox 560 3203 634 3241; x_wconf 89' lang='lat' dir='ltr'><strong>cum</strong></span> <span class='ocrx_word' id='word_1_165' title='bbox 662 3181 729 3243; x_wconf 89' lang='lat' dir='ltr'><strong>edd.</strong></span> <span class='ocrx_word' id='word_1_166' title='bbox 757 3183 831 3244; x_wconf 81' lang='lat' dir='ltr'><strong>lens.</strong></span> <span class='ocrx_word' id='word_1_167' title='bbox 852 3194 883 3244; x_wconf 87' lang='lat' dir='ltr'><strong>et</strong></span> <span class='ocrx_word' id='word_1_168' title='bbox 902 3183 1006 3245; x_wconf 87' lang='lat' dir='ltr'><strong>Lamb.</strong></span> <span class='ocrx_word' id='word_1_169' title='bbox 1026 3184 1158 3265; x_wconf 77' lang='lat' dir='ltr'><strong>requiem</strong></span> 
     </span>
     <span class='ocr_line' id='line_1_25' title="bbox 193 3289 1159 3371; baseline 0.004 -23"><span class='ocrx_word' id='word_1_170' title='bbox 193 3289 318 3371; x_wconf 72' lang='lat' dir='ltr'><strong>quaerit.</strong></span> <span class='ocrx_word' id='word_1_171' title='bbox 334 3289 483 3351; x_wconf 79' lang='lat' dir='ltr'><strong>Victorius</strong></span> <span class='ocrx_word' id='word_1_172' title='bbox 503 3290 673 3370; x_wconf 72' lang='lat' dir='ltr'><strong>requietem,</strong></span> <span class='ocrx_word' id='word_1_173' title='bbox 692 3301 727 3350; x_wconf 88' lang='lat' dir='ltr'><strong>ut</strong></span> <span class='ocrx_word' id='word_1_174' title='bbox 746 3290 923 3353; x_wconf 89' lang='lat' dir='ltr'><strong>nobiliorem</strong></span> <span class='ocrx_word' id='word_1_175' title='bbox 944 3291 1102 3352; x_wconf 88' lang='lat' dir='ltr'><strong>dictionem</strong></span> <span class='ocrx_word' id='word_1_176' title='bbox 1123 3309 1159 3353; x_wconf 81' lang='lat' dir='ltr'><strong>ex</strong></span> 
     </span>
     <span class='ocr_line' id='line_1_26' title="bbox 193 3394 1159 3481; baseline 0.003 -27"><span class='ocrx_word' id='word_1_177' title='bbox 193 3394 291 3478; x_wconf 71' lang='lat' dir='ltr'><strong>Meu,</strong></span> <span class='ocrx_word' id='word_1_178' title='bbox 312 3406 343 3464; x_wconf 87' lang='lat' dir='ltr'><strong>et</strong></span> <span class='ocrx_word' id='word_1_179' title='bbox 363 3397 509 3457; x_wconf 90' lang='lat' dir='ltr'><strong>Graevius</strong></span> <span class='ocrx_word' id='word_1_180' title='bbox 538 3412 663 3478; x_wconf 78' lang='lat' dir='ltr'><strong>qrmernt</strong></span> <span class='ocrx_word' id='word_1_181' title='bbox 693 3420 730 3458; x_wconf 85' lang='lat' dir='ltr'><strong>ex</strong></span> <span class='ocrx_word' id='word_1_182' title='bbox 760 3420 829 3460; x_wconf 73' lang='lat' dir='ltr'><strong>auo,</strong></span> <span class='ocrx_word' id='word_1_183' title='bbox 845 3401 943 3481; x_wconf 89' lang='lat' dir='ltr'><strong>primo</strong></span> <span class='ocrx_word' id='word_1_184' title='bbox 968 3397 1097 3460; x_wconf 78' lang='lat' dir='ltr'><strong>firmavit</strong></span> <span class='ocrx_word' id='word_1_185' title='bbox 1116 3397 1159 3458; x_wconf 91' lang='lat' dir='ltr'><strong>ob</strong></span> 
     </span>
     <span class='ocr_line' id='line_1_27' title="bbox 195 3518 808 3585; baseline 0.02 -25"><span class='ocrx_word' id='word_1_186' title='bbox 195 3522 320 3582; x_wconf 85' lang='lat' dir='ltr'><strong>sequens</strong></span> <span class='ocrx_word' id='word_1_187' title='bbox 337 3518 465 3585; x_wconf 80' lang='lat' dir='ltr'><strong>promat.</strong></span> <span class='ocrx_word' id='word_1_188' title='bbox 806 3568 808 3572; x_wconf 86' lang='lat'>.</span> 
     </span>
    </p>

    <p class='ocr_par' dir='ltr' id='par_1_15' title="bbox 155 3605 1134 3694">
     <span class='ocr_line' id='line_1_28' title="bbox 155 3605 1134 3694; baseline 0.009 -29"><span class='ocrx_word' id='word_1_189' title='bbox 155 3605 175 3666; x_wconf 82' lang='grc'><em>5</em></span> <span class='ocrx_word' id='word_1_190' title='bbox 196 3607 302 3668; x_wconf 78' lang='lat' dir='ltr'><strong>ambb.</strong></span> <span class='ocrx_word' id='word_1_191' title='bbox 324 3631 444 3692; x_wconf 86' lang='lat' dir='ltr'><strong>omnes,</strong></span> <span class='ocrx_word' id='word_1_192' title='bbox 465 3613 536 3671; x_wconf 90' lang='lat' dir='ltr'><strong>Rec.</strong></span> <span class='ocrx_word' id='word_1_193' title='bbox 558 3623 588 3671; x_wconf 90' lang='lat' dir='ltr'><strong>et</strong></span> <span class='ocrx_word' id='word_1_194' title='bbox 609 3611 674 3674; x_wconf 81' lang='lat' dir='ltr'><strong>eud.</strong></span> <span class='ocrx_word' id='word_1_195' title='bbox 698 3633 742 3694; x_wconf 90' lang='lat' dir='ltr'><strong>pr.</strong></span> <span class='ocrx_word' id='word_1_196' title='bbox 765 3634 834 3673; x_wconf 90' lang='lat' dir='ltr'><strong>cum</strong></span> <span class='ocrx_word' id='word_1_197' title='bbox 855 3612 960 3675; x_wconf 82' lang='lat' dir='ltr'><strong>Lemb.</strong></span> <span class='ocrx_word' id='word_1_198' title='bbox 980 3627 1007 3673; x_wconf 80' lang='lat' dir='ltr'><strong>te</strong></span> <span class='ocrx_word' id='word_1_199' title='bbox 1027 3613 1134 3693; x_wconf 73' lang='lat' dir='ltr'><strong>ipsura</strong></span> 
     </span>
    </p>

    <p class='ocr_par' dir='ltr' id='par_1_16' title="bbox 155 3711 1156 3998">
     <span class='ocr_line' id='line_1_29' title="bbox 155 3711 1156 3801; baseline 0.01 -30"><span class='ocrx_word' id='word_1_200' title='bbox 155 3711 176 3771; x_wconf 85' lang='lat'><strong>6</strong></span> <span class='ocrx_word' id='word_1_201' title='bbox 195 3717 360 3797; x_wconf 83' lang='lat' dir='ltr'><strong>Antequam</strong></span> <span class='ocrx_word' id='word_1_202' title='bbox 381 3737 432 3778; x_wconf 84' lang='lat' dir='ltr'><strong>rua</strong></span> <span class='ocrx_word' id='word_1_203' title='bbox 453 3717 687 3800; x_wconf 85' lang='lat' dir='ltr'><strong>proficiscereris.</strong></span> <span class='ocrx_word' id='word_1_204' title='bbox 715 3721 773 3784; x_wconf 81' lang='lat' dir='ltr'><strong>lac</strong></span> <span class='ocrx_word' id='word_1_205' title='bbox 794 3723 963 3782; x_wconf 79' lang='lat' dir='ltr'><strong>Gronovius</strong></span> <span class='ocrx_word' id='word_1_206' title='bbox 983 3719 1084 3801; x_wconf 81' lang='lat' dir='ltr'><strong>legere</strong></span> <span class='ocrx_word' id='word_1_207' title='bbox 1105 3742 1156 3781; x_wconf 87' lang='grc' dir='ltr'><strong>1ο-</strong></span> 
     </span>
     <span class='ocr_line' id='line_1_30' title="bbox 194 3819 1155 3909; baseline 0.01 -30"><span class='ocrx_word' id='word_1_208' title='bbox 194 3819 275 3881; x_wconf 86' lang='lat' dir='ltr'><strong>lebat</strong></span> <span class='ocrx_word' id='word_1_209' title='bbox 305 3845 342 3883; x_wconf 81' lang='lat' dir='ltr'><strong>ex</strong></span> <span class='ocrx_word' id='word_1_210' title='bbox 372 3829 453 3887; x_wconf 82' lang='lat' dir='ltr'><strong>mstis</strong></span> <span class='ocrx_word' id='word_1_211' title='bbox 484 3829 558 3888; x_wconf 82' lang='lat' dir='ltr'><strong>sicut</strong></span> <span class='ocrx_word' id='word_1_212' title='bbox 583 3826 870 3909; x_wconf 65' lang='lat' dir='ltr'><strong>lu&#39;nediscesscras,</strong></span> <span class='ocrx_word' id='word_1_213' title='bbox 890 3847 998 3909; x_wconf 88' lang='lat' dir='ltr'><strong>nempe</strong></span> <span class='ocrx_word' id='word_1_214' title='bbox 1017 3828 1155 3905; x_wconf 80' lang='lat' dir='ltr'><strong>lacrymis</strong></span> 
     </span>
     <span class='ocr_line' id='line_1_31' title="bbox 195 3933 1154 3998; baseline 0.011 -11"><span class='ocrx_word' id='word_1_215' title='bbox 195 3939 225 3990; x_wconf 85' lang='lat' dir='ltr'><strong>ct</strong></span> <span class='ocrx_word' id='word_1_216' title='bbox 245 3933 406 3994; x_wconf 84' lang='lat' dir='ltr'><strong>moestitiae</strong></span> <span class='ocrx_word' id='word_1_217' title='bbox 428 3935 560 3998; x_wconf 84' lang='lat' dir='ltr'><strong>traditus.</strong></span> <span class='ocrx_word' id='word_1_218' title='bbox 583 3935 728 3997; x_wconf 80' lang='lat' dir='ltr'><strong>Graevius</strong></span> <span class='ocrx_word' id='word_1_219' title='bbox 749 3956 786 3997; x_wconf 84' lang='lat' dir='ltr'><strong>ex</strong></span> <span class='ocrx_word' id='word_1_220' title='bbox 806 3956 862 3998; x_wconf 81' lang='lat' dir='ltr'><strong>suo</strong></span> <span class='ocrx_word' id='word_1_221' title='bbox 882 3946 959 3995; x_wconf 84' lang='lat' dir='ltr'><strong>msto</strong></span> <span class='ocrx_word' id='word_1_222' title='bbox 979 3936 1054 3996; x_wconf 79' lang='lat' dir='ltr'><strong>sicut</strong></span> <span class='ocrx_word' id='word_1_223' title='bbox 1074 3935 1154 3998; x_wconf 73' lang='lat' dir='ltr'><strong>indi-</strong></span> 
     </span>
    </p>
   </div>
   <div class='ocr_carea' id='block_1_7' title="bbox 0 0 1328 4822">
    <p class='ocr_par' dir='ltr' id='par_1_17' title="bbox 0 0 1328 4822">
     <span class='ocr_line' id='line_1_32' title="bbox 0 0 1328 4822; baseline 0 4"><span class='ocrx_word' id='word_1_224' title='bbox 0 0 1328 4822; x_wconf 95' lang='lat' dir='ltr'><strong> </strong></span> 
     </span>
    </p>
   </div>
  </div>
 </body>
</html>
