<?xml version="1.0" encoding="UTF-8"?>
<!DOCTYPE html PUBLIC "-//W3C//DTD XHTML 1.0 Transitional//EN"
    "http://www.w3.org/TR/xhtml1/DTD/xhtml1-transitional.dtd">
<html xmlns="http://www.w3.org/1999/xhtml" xml:lang="en" lang="en">
 <head>
  <title>
</title>
<meta http-equiv="Content-Type" content="text/html;charset=utf-8" />
  <meta name='ocr-system' content='tesseract 3.04.00' />
  <meta name='ocr-capabilities' content='ocr_page ocr_carea ocr_par ocr_line ocrx_word'/>
</head>
<body>
  <div class='ocr_page' id='page_1' title='image "./mtulliiciceroni11cicegoog/mtulliiciceroni11cicegoog_0492.png"; bbox 0 0 2648 4822; ppageno 0'>
   <div class='ocr_carea' id='block_1_1' title="bbox 55 439 1080 3624">
    <p class='ocr_par' dir='ltr' id='par_1_1' title="bbox 455 439 1080 535">
     <span class='ocr_line' id='line_1_1' title="bbox 455 439 1080 535; baseline 0.014 -27"><span class='ocrx_word' id='word_1_1' title='bbox 455 460 493 508; x_wconf 83' lang='lat' dir='ltr'><strong>ur</strong></span> <span class='ocrx_word' id='word_1_2' title='bbox 517 456 709 510; x_wconf 77' lang='lat' dir='ltr'><strong>nrisronss</strong></span> <span class='ocrx_word' id='word_1_3' title='bbox 1005 439 1080 535; x_wconf 75' lang='lat' dir='ltr'><strong>los</strong></span> 
     </span>
    </p>

    <p class='ocr_par' dir='ltr' id='par_1_2' title="bbox 55 537 1080 1070">
     <span class='ocr_line' id='line_1_2' title="bbox 55 537 1080 643; baseline 0.006 -22"><span class='ocrx_word' id='word_1_4' title='bbox 55 572 58 576; x_wconf 83' lang='grc'>’</span> <span class='ocrx_word' id='word_1_5' title='bbox 121 561 215 622; x_wconf 84' lang='lat' dir='ltr'><strong>tiones</strong></span> <span class='ocrx_word' id='word_1_6' title='bbox 234 561 371 619; x_wconf 78' lang='lat' dir='ltr'><strong>muniret.</strong></span> <span class='ocrx_word' id='word_1_7' title='bbox 391 558 479 619; x_wconf 88' lang='lat' dir='ltr'><strong>Tunc</strong></span> <span class='ocrx_word' id='word_1_8' title='bbox 509 563 589 642; x_wconf 80' lang='lat' dir='ltr'><strong>enim</strong></span> <span class='ocrx_word' id='word_1_9' title='bbox 619 562 738 642; x_wconf 77' lang='lat' dir='ltr'>exigere</span> <span class='ocrx_word' id='word_1_10' title='bbox 767 537 1005 643; x_wconf 46' lang='lat' dir='ltr'><strong>potuissetptua</strong></span> <span class='ocrx_word' id='word_1_11' title='bbox 1023 564 1080 627; x_wconf 87' lang='lat' dir='ltr'><strong>sibi</strong></span> 
     </span>
     <span class='ocr_line' id='line_1_3' title="bbox 116 663 1080 754; baseline 0.005 -27"><span class='ocrx_word' id='word_1_12' title='bbox 116 665 240 750; x_wconf 87' lang='lat' dir='ltr'><strong>praedia</strong></span> <span class='ocrx_word' id='word_1_13' title='bbox 260 676 294 726; x_wconf 89' lang='lat' dir='ltr'><strong>ut</strong></span> <span class='ocrx_word' id='word_1_14' title='bbox 313 663 512 726; x_wconf 81' lang='lat' dir='ltr'><strong>redderentur</strong></span> <span class='ocrx_word' id='word_1_15' title='bbox 541 669 624 750; x_wconf 78' lang='lat' dir='ltr'><strong>ipsu,</strong></span> <span class='ocrx_word' id='word_1_16' title='bbox 655 686 717 727; x_wconf 91' lang='lat' dir='ltr'><strong>non</strong></span> <span class='ocrx_word' id='word_1_17' title='bbox 736 665 829 729; x_wconf 90' lang='lat' dir='ltr'><strong>modo</strong></span> <span class='ocrx_word' id='word_1_18' title='bbox 848 670 998 750; x_wconf 85' lang='lat' dir='ltr'><strong>pretium,</strong></span> <span class='ocrx_word' id='word_1_19' title='bbox 1017 691 1080 754; x_wconf 87' lang='lat' dir='ltr'><strong>quo</strong></span> 
     </span>
     <span class='ocr_line' id='line_1_4' title="bbox 113 773 1079 859; baseline 0.005 -24"><span class='ocrx_word' id='word_1_20' title='bbox 113 775 275 851; x_wconf 74' lang='lat' dir='ltr'><strong>venierunt,</strong></span> <span class='ocrx_word' id='word_1_21' title='bbox 289 782 470 854; x_wconf 70' lang='lat' dir='ltr'><strong>coactimque</strong></span> <span class='ocrx_word' id='word_1_22' title='bbox 485 784 562 834; x_wconf 81' lang='lat' dir='ltr'><strong>esset</strong></span> <span class='ocrx_word' id='word_1_23' title='bbox 575 773 680 835; x_wconf 87' lang='lat' dir='ltr'><strong>Cicero</strong></span> <span class='ocrx_word' id='word_1_24' title='bbox 698 794 766 834; x_wconf 87' lang='lat' dir='ltr'><strong>eam</strong></span> <span class='ocrx_word' id='word_1_25' title='bbox 787 776 942 837; x_wconf 79' lang='lat' dir='ltr'><strong>restituere</strong></span> <span class='ocrx_word' id='word_1_26' title='bbox 963 788 1079 859; x_wconf 87' lang='lat' dir='ltr'><strong>partem</strong></span> 
     </span>
     <span class='ocr_line' id='line_1_5' title="bbox 114 876 1079 964; baseline 0.005 -24"><span class='ocrx_word' id='word_1_27' title='bbox 114 879 293 956; x_wconf 88' lang='lat' dir='ltr'><strong>hortorum,</strong></span> <span class='ocrx_word' id='word_1_28' title='bbox 323 900 401 960; x_wconf 87' lang='lat' dir='ltr'><strong>quae</strong></span> <span class='ocrx_word' id='word_1_29' title='bbox 432 876 471 939; x_wconf 92' lang='lat' dir='ltr'><strong>ad</strong></span> <span class='ocrx_word' id='word_1_30' title='bbox 491 879 650 963; x_wconf 76' lang='lat' dir='ltr'><strong>Virgilium</strong></span> <span class='ocrx_word' id='word_1_31' title='bbox 671 880 883 964; x_wconf 67' lang='lat' dir='ltr'><strong>escapulana</strong></span> <span class='ocrx_word' id='word_1_32' title='bbox 914 881 1079 945; x_wconf 85' lang='lat' dir='ltr'><strong>hereditate</strong></span> 
     </span>
     <span class='ocr_line' id='line_1_6' title="bbox 115 986 467 1070; baseline 0 -23"><span class='ocrx_word' id='word_1_33' title='bbox 115 997 300 1070; x_wconf 80' lang='lat' dir='ltr'><strong>pervenerat</strong></span> <span class='ocrx_word' id='word_1_34' title='bbox 321 986 467 1068; x_wconf 74' lang='lat' dir='ltr'><strong>Morgalt.</strong></span> 
     </span>
    </p>

    <p class='ocr_par' dir='ltr' id='par_1_3' title="bbox 78 1090 1078 1284">
     <span class='ocr_line' id='line_1_7' title="bbox 78 1090 1078 1182; baseline 0.006 -27"><span class='ocrx_word' id='word_1_35' title='bbox 78 1115 114 1155; x_wconf 89' lang='lat' dir='ltr'><strong>ro</strong></span> <span class='ocrx_word' id='word_1_36' title='bbox 139 1093 196 1176; x_wconf 86' lang='lat' dir='ltr'><strong>Ep.</strong></span> <span class='ocrx_word' id='word_1_37' title='bbox 226 1094 362 1171; x_wconf 75' lang='lat' dir='ltr'><strong>nxttl,</strong></span> <span class='ocrx_word' id='word_1_38' title='bbox 392 1090 422 1154; x_wconf 84' lang='lat'><strong>5.</strong></span> <span class='ocrx_word' id='word_1_39' title='bbox 455 1094 554 1154; x_wconf 86' lang='lat' dir='ltr'><strong>Minus</strong></span> <span class='ocrx_word' id='word_1_40' title='bbox 584 1105 664 1155; x_wconf 88' lang='lat' dir='ltr'><strong>recte</strong></span> <span class='ocrx_word' id='word_1_41' title='bbox 695 1092 801 1156; x_wconf 89' lang='lat' dir='ltr'><strong>Lamb.</strong></span> <span class='ocrx_word' id='word_1_42' title='bbox 832 1115 902 1157; x_wconf 86' lang='lat' dir='ltr'><strong>cum</strong></span> <span class='ocrx_word' id='word_1_43' title='bbox 932 1094 1001 1159; x_wconf 85' lang='lat' dir='ltr'><strong>edd</strong></span> <span class='ocrx_word' id='word_1_44' title='bbox 1032 1117 1078 1182; x_wconf 75' lang='grc' dir='ltr'><strong>μ’.</strong></span> 
     </span>
     <span class='ocr_line' id='line_1_8' title="bbox 118 1200 1014 1284; baseline 0 -22"><span class='ocrx_word' id='word_1_45' title='bbox 118 1200 238 1284; x_wconf 72' lang='lat' dir='ltr'><strong>Cuspio</strong></span> <span class='ocrx_word' id='word_1_46' title='bbox 996 1204 1014 1271; x_wconf 71' lang='lat'><strong>,⁸</strong></span> 
     </span>
    </p>

    <p class='ocr_par' dir='ltr' id='par_1_4' title="bbox 78 1307 635 1370">
     <span class='ocr_line' id='line_1_9' title="bbox 78 1307 635 1370; baseline 0 -2"><span class='ocrx_word' id='word_1_47' title='bbox 78 1328 109 1370; x_wconf 88' lang='lat' dir='ltr'><strong>rr</strong></span> <span class='ocrx_word' id='word_1_48' title='bbox 135 1309 244 1368; x_wconf 80' lang='lat' dir='ltr'><strong>Statuit</strong></span> <span class='ocrx_word' id='word_1_49' title='bbox 264 1307 367 1369; x_wconf 88' lang='lat' dir='ltr'><strong>hortos</strong></span> <span class='ocrx_word' id='word_1_50' title='bbox 388 1328 497 1369; x_wconf 88' lang='lat' dir='ltr'><strong>emere.</strong></span> <span class='ocrx_word' id='word_1_51' title='bbox 519 1307 635 1368; x_wconf 81' lang='lat' dir='ltr'><strong>Marrut.</strong></span> 
     </span>
    </p>

    <p class='ocr_par' dir='ltr' id='par_1_5' title="bbox 78 1414 1079 1601">
     <span class='ocr_line' id='line_1_10' title="bbox 78 1414 1079 1504; baseline 0.005 -28"><span class='ocrx_word' id='word_1_52' title='bbox 78 1435 112 1476; x_wconf 75' lang='grc' dir='ltr'><strong><em>η</em></strong></span> <span class='ocrx_word' id='word_1_53' title='bbox 134 1417 215 1492; x_wconf 84' lang='lat' dir='ltr'><strong>Quia</strong></span> <span class='ocrx_word' id='word_1_54' title='bbox 237 1415 366 1476; x_wconf 80' lang='lat' dir='ltr'><strong>Plancus</strong></span> <span class='ocrx_word' id='word_1_55' title='bbox 395 1414 559 1499; x_wconf 89' lang='lat' dir='ltr'><strong>plurimum</strong></span> <span class='ocrx_word' id='word_1_56' title='bbox 584 1414 666 1498; x_wconf 87' lang='lat' dir='ltr'><strong>apud</strong></span> <span class='ocrx_word' id='word_1_57' title='bbox 692 1415 851 1478; x_wconf 71' lang='lat' dir='ltr'><strong>Caesam</strong></span> <span class='ocrx_word' id='word_1_58' title='bbox 877 1415 1010 1502; x_wconf 76' lang='lat' dir='ltr'><strong>valebat3</strong></span> <span class='ocrx_word' id='word_1_59' title='bbox 1031 1439 1079 1504; x_wconf 83' lang='lat' dir='ltr'><strong>ep.</strong></span> 
     </span>
     <span class='ocr_line' id='line_1_11' title="bbox 113 1520 291 1601; baseline 0.011 -20"><span class='ocrx_word' id='word_1_60' title='bbox 113 1522 242 1601; x_wconf 76' lang='lat' dir='ltr'><strong>excit,</strong></span> <span class='ocrx_word' id='word_1_61' title='bbox 262 1520 291 1583; x_wconf 80' lang='lat'><strong>5.</strong></span> 
     </span>
    </p>

    <p class='ocr_par' dir='ltr' id='par_1_6' title="bbox 76 1628 824 1711">
     <span class='ocr_line' id='line_1_12' title="bbox 76 1628 824 1711; baseline 0.003 -21"><span class='ocrx_word' id='word_1_62' title='bbox 76 1629 111 1690; x_wconf 79' lang='lat'><strong>13</strong></span> <span class='ocrx_word' id='word_1_63' title='bbox 133 1632 239 1690; x_wconf 80' lang='lat' dir='ltr'><strong>Auctio</strong></span> <span class='ocrx_word' id='word_1_64' title='bbox 261 1628 496 1711; x_wconf 86' lang='lat' dir='ltr'><strong>Scapulanorum</strong></span> <span class='ocrx_word' id='word_1_65' title='bbox 516 1628 684 1690; x_wconf 87' lang='lat' dir='ltr'><strong>hortorum.</strong></span> <span class='ocrx_word' id='word_1_66' title='bbox 706 1630 824 1692; x_wconf 76' lang='lat' dir='ltr'><strong>Manus</strong></span> 
     </span>
    </p>

    <p class='ocr_par' dir='ltr' id='par_1_7' title="bbox 76 1737 732 1819">
     <span class='ocr_line' id='line_1_13' title="bbox 76 1737 732 1819; baseline -0.002 -21"><span class='ocrx_word' id='word_1_67' title='bbox 76 1738 112 1814; x_wconf 72' lang='lat'><strong>14</strong></span> <span class='ocrx_word' id='word_1_68' title='bbox 130 1737 207 1819; x_wconf 90' lang='lat' dir='ltr'><strong>Epp.</strong></span> <span class='ocrx_word' id='word_1_69' title='bbox 228 1738 387 1797; x_wconf 88' lang='lat' dir='ltr'><strong>DLXXlll</strong></span> <span class='ocrx_word' id='word_1_70' title='bbox 399 1782 408 1816; x_wconf 88' lang='lat'>‚</span> <span class='ocrx_word' id='word_1_71' title='bbox 430 1757 448 1797; x_wconf 72' lang='lat' dir='ltr'><strong>a</strong></span> <span class='ocrx_word' id='word_1_72' title='bbox 470 1747 500 1797; x_wconf 89' lang='lat' dir='ltr'><strong>et</strong></span> <span class='ocrx_word' id='word_1_73' title='bbox 519 1738 684 1818; x_wconf 75' lang='lat' dir='ltr'><strong>Dtxvn,</strong></span> <span class='ocrx_word' id='word_1_74' title='bbox 703 1738 732 1814; x_wconf 65' lang='lat' dir='ltr'><strong>‘l-</strong></span> 
     </span>
    </p>

    <p class='ocr_par' dir='ltr' id='par_1_8' title="bbox 76 1842 1079 2144">
     <span class='ocr_line' id='line_1_14' title="bbox 76 1842 1078 1930; baseline 0.006 -27"><span class='ocrx_word' id='word_1_75' title='bbox 76 1842 112 1904; x_wconf 76' lang='lat'><strong>15</strong></span> <span class='ocrx_word' id='word_1_76' title='bbox 133 1844 237 1921; x_wconf 89' lang='lat' dir='ltr'><strong>Quum</strong></span> <span class='ocrx_word' id='word_1_77' title='bbox 259 1864 348 1926; x_wconf 82' lang='lat' dir='ltr'><strong>agere</strong></span> <span class='ocrx_word' id='word_1_78' title='bbox 368 1847 554 1927; x_wconf 76' lang='lat' dir='ltr'><strong>coeperimus</strong></span> <span class='ocrx_word' id='word_1_79' title='bbox 570 1845 608 1904; x_wconf 89' lang='lat' dir='ltr'><strong>de</strong></span> <span class='ocrx_word' id='word_1_80' title='bbox 621 1845 731 1929; x_wconf 86' lang='lat' dir='ltr'><strong>hortis,</strong></span> <span class='ocrx_word' id='word_1_81' title='bbox 746 1855 810 1906; x_wconf 88' lang='lat' dir='ltr'><strong>tum</strong></span> <span class='ocrx_word' id='word_1_82' title='bbox 822 1845 991 1908; x_wconf 82' lang='lat' dir='ltr'><strong>ridebimus</strong></span> <span class='ocrx_word' id='word_1_83' title='bbox 1004 1849 1078 1930; x_wconf 91' lang='lat' dir='ltr'><strong>quid</strong></span> 
     </span>
     <span class='ocr_line' id='line_1_15' title="bbox 111 1931 1079 2039; baseline 0.004 -27"><span class='ocrx_word' id='word_1_84' title='bbox 111 1953 261 2036; x_wconf 84' lang='lat' dir='ltr'><strong>agendum</strong></span> <span class='ocrx_word' id='word_1_85' title='bbox 283 1953 322 2014; x_wconf 88' lang='lat' dir='ltr'><strong>dc</strong></span> <span class='ocrx_word' id='word_1_86' title='bbox 343 1931 562 2035; x_wconf 57' lang='lat' dir='ltr'><strong>aestimation23</strong></span> <span class='ocrx_word' id='word_1_87' title='bbox 583 1973 661 2034; x_wconf 88' lang='lat' dir='ltr'><strong>quae</strong></span> <span class='ocrx_word' id='word_1_88' title='bbox 681 1973 720 2013; x_wconf 71' lang='lat' dir='ltr'><strong>se.</strong></span> <span class='ocrx_word' id='word_1_89' title='bbox 742 1953 940 2015; x_wconf 86' lang='lat' dir='ltr'><strong>creditoribus</strong></span> <span class='ocrx_word' id='word_1_90' title='bbox 961 1955 1079 2039; x_wconf 79' lang='lat' dir='ltr'><strong>Scapu-</strong></span> 
     </span>
     <span class='ocr_line' id='line_1_16' title="bbox 111 2059 1057 2144; baseline 0.003 -25"><span class='ocrx_word' id='word_1_91' title='bbox 111 2059 184 2120; x_wconf 88' lang='lat' dir='ltr'><strong>lanis</strong></span> <span class='ocrx_word' id='word_1_92' title='bbox 205 2059 342 2121; x_wconf 88' lang='lat' dir='ltr'><strong>tradatur</strong></span> <span class='ocrx_word' id='word_1_93' title='bbox 360 2081 417 2142; x_wconf 93' lang='lat' dir='ltr'><strong>pro</strong></span> <span class='ocrx_word' id='word_1_94' title='bbox 438 2063 535 2143; x_wconf 85' lang='lat' dir='ltr'><strong>pretio</strong></span> <span class='ocrx_word' id='word_1_95' title='bbox 555 2059 730 2141; x_wconf 86' lang='lat' dir='ltr'><strong>hortorum,</strong></span> <span class='ocrx_word' id='word_1_96' title='bbox 751 2071 786 2121; x_wconf 89' lang='lat' dir='ltr'><strong>ut</strong></span> <span class='ocrx_word' id='word_1_97' title='bbox 804 2063 834 2121; x_wconf 91' lang='lat' dir='ltr'><strong>in</strong></span> <span class='ocrx_word' id='word_1_98' title='bbox 856 2083 903 2144; x_wconf 89' lang='lat' dir='ltr'><strong>ep.</strong></span> <span class='ocrx_word' id='word_1_99' title='bbox 915 2062 1057 2123; x_wconf 85' lang='lat' dir='ltr'><strong>DXLlll.</strong></span> 
     </span>
    </p>

    <p class='ocr_par' dir='ltr' id='par_1_9' title="bbox 75 2165 1079 2464">
     <span class='ocr_line' id='line_1_17' title="bbox 75 2165 1079 2252; baseline 0.002 -23"><span class='ocrx_word' id='word_1_100' title='bbox 75 2165 112 2229; x_wconf 81' lang='lat'><strong>16</strong></span> <span class='ocrx_word' id='word_1_101' title='bbox 131 2167 241 2227; x_wconf 81' lang='lat' dir='ltr'><strong>Caesar</strong></span> <span class='ocrx_word' id='word_1_102' title='bbox 261 2171 289 2227; x_wconf 91' lang='lat' dir='ltr'><strong>in</strong></span> <span class='ocrx_word' id='word_1_103' title='bbox 310 2167 395 2250; x_wconf 83' lang='lat' dir='ltr'><strong>lege,</strong></span> <span class='ocrx_word' id='word_1_104' title='bbox 425 2167 471 2228; x_wconf 80' lang='lat' dir='ltr'><strong>vel</strong></span> <span class='ocrx_word' id='word_1_105' title='bbox 492 2167 603 2226; x_wconf 87' lang='lat' dir='ltr'><strong>Balbus</strong></span> <span class='ocrx_word' id='word_1_106' title='bbox 624 2167 663 2227; x_wconf 88' lang='lat' dir='ltr'><strong>ad</strong></span> <span class='ocrx_word' id='word_1_107' title='bbox 684 2188 754 2227; x_wconf 91' lang='lat' dir='ltr'><strong>me:</strong></span> <span class='ocrx_word' id='word_1_108' title='bbox 785 2170 838 2228; x_wconf 86' lang='lat' dir='ltr'><strong>etsi</strong></span> <span class='ocrx_word' id='word_1_109' title='bbox 864 2167 958 2229; x_wconf 80' lang='lat' dir='ltr'><strong>rideri</strong></span> <span class='ocrx_word' id='word_1_110' title='bbox 978 2180 1079 2252; x_wconf 87' lang='lat' dir='ltr'><strong>potest</strong></span> 
     </span>
     <span class='ocr_line' id='line_1_18' title="bbox 110 2273 1079 2357; baseline 0.003 -23"><span class='ocrx_word' id='word_1_111' title='bbox 110 2274 194 2335; x_wconf 87' lang='lat' dir='ltr'><strong>Otho</strong></span> <span class='ocrx_word' id='word_1_112' title='bbox 215 2275 253 2335; x_wconf 88' lang='lat' dir='ltr'><strong>dc</strong></span> <span class='ocrx_word' id='word_1_113' title='bbox 272 2275 366 2335; x_wconf 84' lang='lat' dir='ltr'><strong>hortis</strong></span> <span class='ocrx_word' id='word_1_114' title='bbox 387 2274 513 2357; x_wconf 81' lang='lat' dir='ltr'><strong>aliquid,</strong></span> <span class='ocrx_word' id='word_1_115' title='bbox 542 2273 596 2335; x_wconf 88' lang='lat' dir='ltr'><strong>sed</strong></span> <span class='ocrx_word' id='word_1_116' title='bbox 622 2273 661 2335; x_wconf 91' lang='lat' dir='ltr'><strong>de</strong></span> <span class='ocrx_word' id='word_1_117' title='bbox 685 2277 889 2337; x_wconf 86' lang='lat' dir='ltr'><strong>aestimatione</strong></span> <span class='ocrx_word' id='word_1_118' title='bbox 913 2275 986 2338; x_wconf 90' lang='lat' dir='ltr'><strong>nihil</strong></span> <span class='ocrx_word' id='word_1_119' title='bbox 1006 2278 1079 2337; x_wconf 86' lang='lat' dir='ltr'><strong>scri·</strong></span> 
     </span>
     <span class='ocr_line' id='line_1_19' title="bbox 111 2380 360 2464; baseline -0.008 -21"><span class='ocrx_word' id='word_1_120' title='bbox 111 2384 210 2464; x_wconf 71' lang='lat' dir='ltr'><strong>puisse.</strong></span> <span class='ocrx_word' id='word_1_121' title='bbox 235 2380 360 2442; x_wconf 84' lang='lat' dir='ltr'><strong>Corrad.</strong></span> 
     </span>
    </p>

    <p class='ocr_par' dir='ltr' id='par_1_10' title="bbox 75 2487 750 2572">
     <span class='ocr_line' id='line_1_20' title="bbox 75 2487 750 2572; baseline -0.003 -22"><span class='ocrx_word' id='word_1_122' title='bbox 75 2510 109 2570; x_wconf 86' lang='lat'><strong>¹7</strong></span> <span class='ocrx_word' id='word_1_123' title='bbox 130 2489 208 2572; x_wconf 88' lang='lat' dir='ltr'><strong>Epp.</strong></span> <span class='ocrx_word' id='word_1_124' title='bbox 229 2488 414 2571; x_wconf 79' lang='lat' dir='ltr'>DLXXXV,</span> <span class='ocrx_word' id='word_1_125' title='bbox 439 2509 449 2547; x_wconf 90' lang='lat'>1</span> <span class='ocrx_word' id='word_1_126' title='bbox 475 2497 506 2548; x_wconf 85' lang='lat' dir='ltr'><strong>et</strong></span> <span class='ocrx_word' id='word_1_127' title='bbox 526 2487 700 2569; x_wconf 83' lang='lat' dir='ltr'>CDXLIX,</span> <span class='ocrx_word' id='word_1_128' title='bbox 721 2487 750 2548; x_wconf 84' lang='lat'><strong>3.</strong></span> 
     </span>
    </p>

    <p class='ocr_par' dir='ltr' id='par_1_11' title="bbox 75 2594 802 2680">
     <span class='ocr_line' id='line_1_21' title="bbox 75 2594 802 2680; baseline 0 -24"><span class='ocrx_word' id='word_1_129' title='bbox 75 2594 110 2657; x_wconf 84' lang='lat'><strong>18</strong></span> <span class='ocrx_word' id='word_1_130' title='bbox 131 2596 240 2657; x_wconf 86' lang='lat' dir='ltr'><strong>Delent</strong></span> <span class='ocrx_word' id='word_1_131' title='bbox 254 2595 398 2680; x_wconf 67' lang='lat' dir='ltr'><strong>‘copulam</strong></span> <span class='ocrx_word' id='word_1_132' title='bbox 418 2608 446 2655; x_wconf 86' lang='lat' dir='ltr'><strong>et</strong></span> <span class='ocrx_word' id='word_1_133' title='bbox 467 2595 557 2657; x_wconf 83' lang='lat' dir='ltr'><strong>llerv.</strong></span> <span class='ocrx_word' id='word_1_134' title='bbox 579 2606 610 2656; x_wconf 95' lang='lat' dir='ltr'><strong>et</strong></span> <span class='ocrx_word' id='word_1_135' title='bbox 630 2594 802 2656; x_wconf 83' lang='lat' dir='ltr'><strong>Lambinus.</strong></span> 
     </span>
    </p>

    <p class='ocr_par' dir='ltr' id='par_1_12' title="bbox 74 2702 1077 3110">
     <span class='ocr_line' id='line_1_22' title="bbox 74 2702 1076 2787; baseline 0.001 -24"><span class='ocrx_word' id='word_1_136' title='bbox 74 2703 186 2787; x_wconf 81' lang='lat' dir='ltr'><strong>19fflc</strong></span> <span class='ocrx_word' id='word_1_137' title='bbox 209 2704 397 2765; x_wconf 79' lang='lat' dir='ltr'><strong>manifestum</strong></span> <span class='ocrx_word' id='word_1_138' title='bbox 420 2713 482 2781; x_wconf 86' lang='lat' dir='ltr'><strong>est,</strong></span> <span class='ocrx_word' id='word_1_139' title='bbox 503 2702 651 2786; x_wconf 86' lang='lat' dir='ltr'><strong>quaedam</strong></span> <span class='ocrx_word' id='word_1_140' title='bbox 683 2702 774 2763; x_wconf 83' lang='lat' dir='ltr'><strong>verba</strong></span> <span class='ocrx_word' id='word_1_141' title='bbox 804 2703 994 2764; x_wconf 84' lang='lat' dir='ltr'><strong>intercidisse.</strong></span> <span class='ocrx_word' id='word_1_142' title='bbox 1026 2702 1076 2764; x_wconf 90' lang='lat' dir='ltr'><strong>Sic</strong></span> 
     </span>
     <span class='ocr_line' id='line_1_23' title="bbox 111 2810 1074 2894; baseline 0.001 -22"><span class='ocrx_word' id='word_1_143' title='bbox 111 2814 190 2872; x_wconf 91' lang='lat' dir='ltr'><strong>enim</strong></span> <span class='ocrx_word' id='word_1_144' title='bbox 210 2811 272 2873; x_wconf 82' lang='lat' dir='ltr'><strong>fere</strong></span> <span class='ocrx_word' id='word_1_145' title='bbox 293 2814 448 2894; x_wconf 82' lang='lat' dir='ltr'><strong>scripserat</strong></span> <span class='ocrx_word' id='word_1_146' title='bbox 469 2812 592 2872; x_wconf 86' lang='lat' dir='ltr'><strong>Cicero:</strong></span> <span class='ocrx_word' id='word_1_147' title='bbox 614 2812 662 2872; x_wconf 89' lang='lat' dir='ltr'><strong>De</strong></span> <span class='ocrx_word' id='word_1_148' title='bbox 681 2810 784 2871; x_wconf 83' lang='lat' dir='ltr'><strong>decem</strong></span> <span class='ocrx_word' id='word_1_149' title='bbox 804 2811 907 2892; x_wconf 73' lang='lat' dir='ltr'><strong>legatis</strong></span> <span class='ocrx_word' id='word_1_150' title='bbox 927 2811 1074 2873; x_wconf 74' lang='lat' dir='ltr'><strong>Antiocho</strong></span> 
     </span>
     <span class='ocr_line' id='line_1_24' title="bbox 110 2915 1074 3002; baseline 0.001 -24"><span class='ocrx_word' id='word_1_151' title='bbox 110 2919 122 3001; x_wconf 91' lang='lat'><strong>(</strong></span> <span class='ocrx_word' id='word_1_152' title='bbox 133 2919 179 2979; x_wconf 83' lang='lat' dir='ltr'><strong>vel</strong></span> <span class='ocrx_word' id='word_1_153' title='bbox 201 2919 282 2979; x_wconf 89' lang='lat' dir='ltr'><strong>aliud</strong></span> <span class='ocrx_word' id='word_1_154' title='bbox 308 2920 422 2980; x_wconf 85' lang='lat' dir='ltr'><strong>scribae</strong></span> <span class='ocrx_word' id='word_1_155' title='bbox 449 2940 559 2980; x_wconf 88' lang='lat' dir='ltr'><strong>nomen</strong></span> <span class='ocrx_word' id='word_1_156' title='bbox 584 2919 748 3002; x_wconf 87' lang='lat' dir='ltr'><strong>posuerat)</strong></span> <span class='ocrx_word' id='word_1_157' title='bbox 768 2919 915 3000; x_wconf 76' lang='lat' dir='ltr'><strong>negotium</strong></span> <span class='ocrx_word' id='word_1_158' title='bbox 934 2915 1052 2979; x_wconf 76' lang='lat' dir='ltr'><strong>dederis</strong></span> <span class='ocrx_word' id='word_1_159' title='bbox 1062 2961 1074 2991; x_wconf 87' lang='lat'><em>,</em></span> 
     </span>
     <span class='ocr_line' id='line_1_25' title="bbox 110 3025 1077 3110; baseline -0.001 -23"><span class='ocrx_word' id='word_1_160' title='bbox 110 3027 219 3089; x_wconf 86' lang='lat' dir='ltr'><strong>scilicet</strong></span> <span class='ocrx_word' id='word_1_161' title='bbox 239 3026 409 3110; x_wconf 84' lang='lat' dir='ltr'><strong>quaerendi.</strong></span> <span class='ocrx_word' id='word_1_162' title='bbox 430 3028 547 3087; x_wconf 77' lang='lat' dir='ltr'><strong>Scliitz.</strong></span> <span class='ocrx_word' id='word_1_163' title='bbox 576 3027 639 3086; x_wconf 86' lang='lat' dir='ltr'><strong>lam</strong></span> <span class='ocrx_word' id='word_1_164' title='bbox 669 3037 738 3086; x_wconf 87' lang='lat' dir='ltr'><strong>ante</strong></span> <span class='ocrx_word' id='word_1_165' title='bbox 759 3025 1077 3099; x_wconf 58' lang='lat' dir='ltr'><strong>schntziumLamb12</strong></span> 
     </span>
    </p>

    <p class='ocr_par' dir='ltr' id='par_1_13' title="bbox 73 3133 1078 3540">
     <span class='ocr_line' id='line_1_26' title="bbox 73 3133 1077 3216; baseline -0.002 -22"><span class='ocrx_word' id='word_1_166' title='bbox 73 3204 76 3207; x_wconf 11' lang='grc' dir='ltr'><strong>Α</strong></span> <span class='ocrx_word' id='word_1_167' title='bbox 109 3154 166 3195; x_wconf 86' lang='lat' dir='ltr'><strong>nus</strong></span> <span class='ocrx_word' id='word_1_168' title='bbox 179 3135 336 3216; x_wconf 78' lang='lat' dir='ltr'><strong>Negotium</strong></span> <span class='ocrx_word' id='word_1_169' title='bbox 350 3133 389 3195; x_wconf 86' lang='lat' dir='ltr'><strong>de</strong></span> <span class='ocrx_word' id='word_1_170' title='bbox 408 3133 510 3195; x_wconf 84' lang='lat' dir='ltr'><strong>decem</strong></span> <span class='ocrx_word' id='word_1_171' title='bbox 529 3135 656 3214; x_wconf 82' lang='lat' dir='ltr'><strong>reperies</strong></span> <span class='ocrx_word' id='word_1_172' title='bbox 677 3145 733 3194; x_wconf 88' lang='lat' dir='ltr'><strong>etc.</strong></span> <span class='ocrx_word' id='word_1_173' title='bbox 754 3133 811 3194; x_wconf 87' lang='lat' dir='ltr'><strong>Ed.</strong></span> <span class='ocrx_word' id='word_1_174' title='bbox 829 3136 904 3194; x_wconf 85' lang='lat' dir='ltr'><strong>lens.</strong></span> <span class='ocrx_word' id='word_1_175' title='bbox 919 3133 1077 3213; x_wconf 82' lang='lat' dir='ltr'><strong>Negotium</strong></span> 
     </span>
     <span class='ocr_line' id='line_1_27' title="bbox 109 3238 1077 3324; baseline -0.002 -22"><span class='ocrx_word' id='word_1_176' title='bbox 109 3243 139 3302; x_wconf 88' lang='lat' dir='ltr'><strong>si</strong></span> <span class='ocrx_word' id='word_1_177' title='bbox 157 3242 275 3304; x_wconf 73' lang='lat' dir='ltr'><strong>dederis</strong></span> <span class='ocrx_word' id='word_1_178' title='bbox 296 3243 430 3324; x_wconf 73' lang='lat' dir='ltr'><strong>reperies.</strong></span> <span class='ocrx_word' id='word_1_179' title='bbox 449 3242 491 3302; x_wconf 88' lang='lat' dir='ltr'><strong>Et</strong></span> <span class='ocrx_word' id='word_1_180' title='bbox 510 3241 637 3324; x_wconf 81' lang='lat' dir='ltr'><strong>reperies</strong></span> <span class='ocrx_word' id='word_1_181' title='bbox 657 3241 780 3324; x_wconf 89' lang='lat' dir='ltr'><strong>quidem</strong></span> <span class='ocrx_word' id='word_1_182' title='bbox 801 3243 890 3301; x_wconf 88' lang='lat' dir='ltr'><strong>etiam</strong></span> <span class='ocrx_word' id='word_1_183' title='bbox 904 3238 999 3300; x_wconf 80' lang='lat' dir='ltr'><strong>Aldus</strong></span> <span class='ocrx_word' id='word_1_184' title='bbox 1016 3239 1077 3300; x_wconf 85' lang='lat' dir='ltr'><strong>alii·</strong></span> 
     </span>
     <span class='ocr_line' id='line_1_28' title="bbox 110 3345 1078 3431; baseline -0.003 -22"><span class='ocrx_word' id='word_1_185' title='bbox 110 3370 169 3431; x_wconf 86' lang='lat' dir='ltr'><strong>que</strong></span> <span class='ocrx_word' id='word_1_186' title='bbox 189 3348 323 3430; x_wconf 79' lang='lat' dir='ltr'><strong>babent3</strong></span> <span class='ocrx_word' id='word_1_187' title='bbox 355 3348 529 3431; x_wconf 85' lang='lat' dir='ltr'><strong>quodcum</strong></span> <span class='ocrx_word' id='word_1_188' title='bbox 550 3348 631 3409; x_wconf 76' lang='lat' dir='ltr'><strong>tv.</strong></span> <span class='ocrx_word' id='word_1_189' title='bbox 653 3347 768 3409; x_wconf 91' lang='lat' dir='ltr'><strong>Clerico</strong></span> <span class='ocrx_word' id='word_1_190' title='bbox 799 3346 991 3430; x_wconf 88' lang='lat' dir='ltr'><strong>praetulerim</strong></span> <span class='ocrx_word' id='word_1_191' title='bbox 1011 3345 1078 3407; x_wconf 88' lang='lat' dir='ltr'><strong>vul·</strong></span> 
     </span>
     <span class='ocr_line' id='line_1_29' title="bbox 110 3458 330 3540; baseline 0 -25"><span class='ocrx_word' id='word_1_192' title='bbox 110 3466 180 3537; x_wconf 77' lang='lat' dir='ltr'><strong>gato</strong></span> <span class='ocrx_word' id='word_1_193' title='bbox 201 3458 330 3540; x_wconf 76' lang='lat' dir='ltr'><strong>reperiet.</strong></span> 
     </span>
    </p>

    <p class='ocr_par' dir='ltr' id='par_1_14' title="bbox 70 3554 1078 3624">
     <span class='ocr_line' id='line_1_30' title="bbox 70 3554 1078 3624; baseline -0.003 -2"><span class='ocrx_word' id='word_1_194' title='bbox 70 3583 109 3623; x_wconf 76' lang='lat' dir='ltr'><strong>no</strong></span> <span class='ocrx_word' id='word_1_195' title='bbox 131 3563 377 3624; x_wconf 77' lang='lat' dir='ltr'><strong>coniunctionem</strong></span> <span class='ocrx_word' id='word_1_196' title='bbox 398 3576 459 3623; x_wconf 86' lang='lat' dir='ltr'><strong>tum</strong></span> <span class='ocrx_word' id='word_1_197' title='bbox 480 3565 644 3623; x_wconf 88' lang='lat' dir='ltr'><strong>omiserunt</strong></span> <span class='ocrx_word' id='word_1_198' title='bbox 662 3561 752 3623; x_wconf 84' lang='lat' dir='ltr'><strong>llerv.</strong></span> <span class='ocrx_word' id='word_1_199' title='bbox 767 3572 797 3623; x_wconf 87' lang='lat' dir='ltr'><strong>et</strong></span> <span class='ocrx_word' id='word_1_200' title='bbox 809 3559 981 3621; x_wconf 87' lang='lat' dir='ltr'><strong>Lambinus.</strong></span> <span class='ocrx_word' id='word_1_201' title='bbox 1000 3554 1078 3620; x_wconf 81' lang='lat' dir='ltr'><strong>Turi</strong></span> 
     </span>
    </p>
   </div>
   <div class='ocr_carea' id='block_1_2' title="bbox 108 3671 410 3749">
    <p class='ocr_par' dir='ltr' id='par_1_15' title="bbox 108 3671 410 3749">
     <span class='ocr_line' id='line_1_31' title="bbox 108 3671 410 3749; baseline 0.007 -19"><span class='ocrx_word' id='word_1_202' title='bbox 108 3671 209 3749; x_wconf 82' lang='lat' dir='ltr'><strong>illum,</strong></span> <span class='ocrx_word' id='word_1_203' title='bbox 231 3671 290 3731; x_wconf 89' lang='lat' dir='ltr'><strong>scil.</strong></span> <span class='ocrx_word' id='word_1_204' title='bbox 313 3671 410 3732; x_wconf 77' lang='lat' dir='ltr'><strong>luisse.</strong></span> 
     </span>
    </p>
   </div>
   <div class='ocr_carea' id='block_1_3' title="bbox 70 3772 1078 4073">
    <p class='ocr_par' dir='ltr' id='par_1_16' title="bbox 70 3772 1078 4073">
     <span class='ocr_line' id='line_1_32' title="bbox 70 3772 1078 3861; baseline 0 -26"><span class='ocrx_word' id='word_1_205' title='bbox 70 3797 105 3835; x_wconf 82' lang='lat'><strong>21</strong></span> <span class='ocrx_word' id='word_1_206' title='bbox 131 3776 234 3837; x_wconf 82' lang='lat' dir='ltr'><strong>Verba</strong></span> <span class='ocrx_word' id='word_1_207' title='bbox 254 3776 320 3837; x_wconf 83' lang='lat' dir='ltr'><strong>vide</strong></span> <span class='ocrx_word' id='word_1_208' title='bbox 339 3781 449 3861; x_wconf 69' lang='lat' dir='ltr'><strong>etiam,</strong></span> <span class='ocrx_word' id='word_1_209' title='bbox 480 3788 515 3838; x_wconf 89' lang='lat' dir='ltr'><strong>ut</strong></span> <span class='ocrx_word' id='word_1_210' title='bbox 540 3779 679 3860; x_wconf 81' lang='lat' dir='ltr'><strong>insititia,</strong></span> <span class='ocrx_word' id='word_1_211' title='bbox 706 3778 805 3838; x_wconf 88' lang='lat' dir='ltr'><strong>omisit</strong></span> <span class='ocrx_word' id='word_1_212' title='bbox 825 3774 1001 3854; x_wconf 85' lang='lat' dir='ltr'><strong>Schiitzius,</strong></span> <span class='ocrx_word' id='word_1_213' title='bbox 1021 3772 1078 3835; x_wconf 87' lang='lat' dir='ltr'><strong>de-</strong></span> 
     </span>
     <span class='ocr_line' id='line_1_33' title="bbox 111 3880 1078 3970; baseline -0.002 -26"><span class='ocrx_word' id='word_1_214' title='bbox 111 3883 214 3966; x_wconf 85' lang='lat' dir='ltr'><strong>ditque</strong></span> <span class='ocrx_word' id='word_1_215' title='bbox 227 3887 303 3945; x_wconf 82' lang='lat' dir='ltr'><strong>scire</strong></span> <span class='ocrx_word' id='word_1_216' title='bbox 313 3888 423 3966; x_wconf 83' lang='lat' dir='ltr'><strong>poteris</strong></span> <span class='ocrx_word' id='word_1_217' title='bbox 437 3907 497 3970; x_wconf 83' lang='lat' dir='ltr'><strong>quo</strong></span> <span class='ocrx_word' id='word_1_218' title='bbox 521 3906 610 3947; x_wconf 84' lang='lat' dir='ltr'><strong>aruw.</strong></span> <span class='ocrx_word' id='word_1_219' title='bbox 631 3885 710 3946; x_wconf 90' lang='lat' dir='ltr'><strong>Edd.</strong></span> <span class='ocrx_word' id='word_1_220' title='bbox 732 3885 787 3945; x_wconf 86' lang='lat' dir='ltr'><strong>Ro.</strong></span> <span class='ocrx_word' id='word_1_221' title='bbox 815 3881 921 3943; x_wconf 79' lang='lat' dir='ltr'><strong>Aldina</strong></span> <span class='ocrx_word' id='word_1_222' title='bbox 942 3880 1078 3961; x_wconf 83' lang='lat' dir='ltr'><strong>aliaeque</strong></span> 
     </span>
     <span class='ocr_line' id='line_1_34' title="bbox 110 3990 359 4073; baseline 0.016 -24"><span class='ocrx_word' id='word_1_223' title='bbox 110 3990 165 4051; x_wconf 79' lang='lat' dir='ltr'><strong>sed</strong></span> <span class='ocrx_word' id='word_1_224' title='bbox 182 4006 213 4053; x_wconf 83' lang='lat' dir='ltr'><strong>tu</strong></span> <span class='ocrx_word' id='word_1_225' title='bbox 233 3993 309 4053; x_wconf 84' lang='lat' dir='ltr'><strong>scire</strong></span> <span class='ocrx_word' id='word_1_226' title='bbox 326 4013 359 4073; x_wconf 84' lang='lat' dir='ltr'><strong>p.</strong></span> 
     </span>
    </p>
   </div>
   <div class='ocr_carea' id='block_1_4' title="bbox 0 0 1328 4822">
    <p class='ocr_par' dir='ltr' id='par_1_17' title="bbox 0 0 1328 4822">
     <span class='ocr_line' id='line_1_35' title="bbox 0 0 1328 4822; baseline 0 2"><span class='ocrx_word' id='word_1_227' title='bbox 0 0 1328 4822; x_wconf 95' lang='lat' dir='ltr'><strong> </strong></span> 
     </span>
    </p>
   </div>
  </div>
 </body>
</html>
