2648 4822
237 435 310 532 278
523 445 692 504 ansermi
720 453 817 528 ccix,
846 452 921 502 ncx.
1021 451 1099 500 nv.
1115 445 1212 515 αμα

235 554 363 660 ecquid
387 579 407 628 a
432 555 588 630 Caesare.
611 556 682 628 Sed
707 555 791 658 qnid
816 557 901 652 ism,
925 578 1017 656 quae
1042 556 1159 628 minas
1177 581 1240 628 cn-

234 679 302 758 rol
326 680 443 756 Attica
469 694 591 756 nostra
628 682 714 783 quid
745 692 826 781 agat
843 683 869 773 ³,
903 680 993 754 scire
1017 681 1132 780 cupio.
1158 683 1237 755 Etsi

234 820 315 882 tuae
339 805 460 882 literae
486 808 575 898 (sed
598 809 669 880 iam
701 807 804 881 nimis
837 821 971 882 veteres
1004 817 1114 897 sunt)
1140 821 1236 880 recle

232 958 373 1040 sperare
397 933 528 1009 iubent.
553 931 689 1010 Tamen
710 932 880 1034 exspecto
905 955 1028 1005 recens
1053 931 1198 1034 aliquid

676 1183 787 1259 ΜΚ·
941 1228 996 1284 (ss
1013 1229 1063 1273 Λιι.
1080 1228 1149 1286 xm,
1167 1230 1212 1284 ιι)

232 1334 454 1443 Argrvnenlnln.
474 1362 521 1422 ne
541 1334 625 1422 libris
646 1359 685 1420 ad
705 1359 875 1422 Varianam
897 1356 1044 1442 per-fectis.

293 1559 349 1610 Scr.
367 1559 393 1610 in
413 1557 528 1627 Arpinati
547 1557 577 1609 Δ.
596 1554 629 1608 V.
644 1555 675 1608 C.
695 1552 844 1621 mcviii,
861 1573 883 1608 a·
901 1554 928 1608 d.
950 1555 1001 1609 illl
1022 1557 1080 1609 nal.
1098 1557 1168 1609 Sexi.

543 1743 689 1808 CICERO
714 1744 864 1809 arrico
889 1747 920 1808 S.

280 1933 416 2034 Vadas,
445 1932 692 2035 propinquitas
724 1930 809 2032 quid
841 1928 978 2021 habeat¹
989 1947 1011 2005 ¹.
1045 1929 1119 2008 Nos
1143 1918 1231 2010 'vero

231 2062 458 2137 conficiamus
489 2057 624 2134 homos
651 2055 819 2158 Colloqui
844 2056 1106 2158 videbamurs
1096 2084 1135 2133 ιιι
1159 2060 1232 2134 Tu·

230 2187 376 2264 smlann
408 2210 517 2290 qnam
545 2208 682 2284 essem3
715 2198 815 2258 muta
848 2199 923 2258 erat
954 2183 1122 2259 crebritas
1153 2184 1231 2260 lite·

228 2284 356 2391 rilnm
389 2310 464 2388 Sed
497 2310 536 2388 id
568 2311 751 2416 quidem'
740 2336 812 2386 ram
843 2311 952 2384 erit&
984 2312 1063 2412 Ego
1098 2313 1230 2386 interca

229 2424 411 2519 admonitu
446 2454 508 2516 tuo
546 2436 675 2541 perfeci
706 2463 791 2513 sane
828 2434 1008 2537 argutulos
1040 2435 1151 2513 libros
1184 2436 1231 2512 ad

228 2566 435 2643 Varronem.
472 2565 543 2640 Sed
575 2579 692 2638 tamen
728 2576 916 2664 exspecto,
949 2561 1035 2664 quid
1067 2562 1113 2636 ad
1146 2589 1187 2637 ca
1204 2565 1231 2663 ³,

228 2716 318 2795 quae
343 2692 469 2792 scripsi
494 2690 540 2763 ad
566 2705 614 2764 te:
642 2691 811 2791 primum,
836 2689 895 2791 qui
921 2688 1130 2764 intellexeris
1148 2715 1230 2763 eum

228 2815 426 2890 desiderare
454 2842 474 2888 a
499 2842 571 2915 me,
596 2842 704 2917 quum
729 2816 804 2916 ipsc
830 2814 937 2888 homo
960 2819 1228 2912 πολυγραφώτατος

166 2958 172 2965 ’
225 2965 417 3043 numquam
435 2966 492 3013 me
507 2939 701 3014 lacessisset
713 2940 740 3037 ⁴3
756 2939 901 3040 deinde,
918 2965 1023 3043 quem
1041 2944 1229 3040 ζηλοτυπεῖν,

226 3067 295 3140 nisi
319 3066 408 3139 forte
432 3068 603 3166 Brutum3
635 3092 739 3170 quem
767 3067 797 3140 si
822 3092 896 3140 non
921 3070 1089 3165 ζηλοτυπεῖ,
1115 3065 1229 3141 multo

226 3190 455 3266 Hortensium
487 3192 601 3267 minua
618 3195 648 3293 ⁵7·
669 3207 730 3266 aut
755 3218 832 3294 eos,
863 3193 924 3296 qui
953 3192 998 3265 de
1023 3218 1060 3266 re
1083 3191 1228 3294 publica

223 3315 417 3421 loquuntur
432 3321 458 3392 ⁶.
495 3317 603 3393 Plane
635 3318 703 3393 hoc
735 3319 821 3393 mihi
855 3318 1007 3420 explices
1033 3319 1156 3392 velim:
1191 3321 1228 3393 in

223 3445 363 3546 primis,
387 3471 573 3520 maneasnc
588 3447 626 3519 in
643 3448 833 3546 sententia,
850 3459 891 3521 ut
906 3446 1045 3520 mittam
1063 3445 1110 3519 ad
1128 3471 1228 3545 eum,

224 3595 315 3672 quae
339 3572 463 3672 scripsi
481 3590 513 3672 ⁷3
545 3598 590 3647 an
622 3572 709 3646 nihil
739 3598 880 3649 necesse
905 3586 1016 3674 puncs.
1042 3571 1114 3646 Sed
1139 3570 1228 3647 haec

224 3700 353 3773 loram.
