2648 4822
252 416 320 492 158
601 437 770 487 rrrsroun
796 439 904 486 onxn.
1022 435 1052 487 a
1074 440 1105 486 v.
1123 438 1152 487 c.
1171 437 1220 500 με

247 544 294 616 ris
313 544 354 639 ¹⁵,
379 542 407 613 si
432 539 550 613 locum
575 538 656 611 sano
681 537 827 610 dederis.
854 535 965 610 Multa
991 537 1077 610 mibi
1101 544 1144 616 εἰς
1168 547 1244 611 ἀπο-

247 674 363 767 θέωσιν
387 668 423 738 in
447 678 601 737 mentem
628 664 781 735 veniunt.
819 662 889 735 Sed
921 661 1001 735 loeo
1028 661 1130 736 valde
1155 689 1244 764 opus

248 807 309 867 est.
336 793 453 886 Quare
478 792 584 864 eliam
611 787 790 863 Othonem
809 791 839 839 ¹⁶
866 787 956 861 vide.

683 1039 847 1113 DLXffl·
960 1078 1018 1142 (Ad
1034 1081 1085 1126 Au.
1100 1081 1142 1128 ΧΙΙ
1151 1113 1160 1138 ,
1177 1085 1219 1136 is)

245 1222 466 1300 Argumentum.
490 1241 501 1280 1
525 1220 573 1279 De
593 1218 685 1278 literis
707 1219 796 1277 Attici
816 1216 927 1277 frustra
947 1220 1142 1301 exspectetisa
1167 1236 1185 1275 s
1206 1215 1243 1276 de

258 1334 261 1339 “
285 1327 323 1404 Q.
344 1325 444 1387 fratris
464 1324 518 1387 filii
540 1329 571 1386 ln
590 1335 733 1408 patruum
754 1323 887 1398 malitia3
913 1325 932 1384 3
958 1345 990 1384 se
1014 1325 1114 1386 miuus
1133 1321 1241 1384 debili·

284 1440 381 1492 tatum
402 1436 503 1492 animo
524 1452 608 1503 esse,
637 1423 729 1511 quam
751 1429 875 1511 quidam
896 1441 1022 1512 putent;
1047 1431 1068 1511 4
1087 1429 1126 1491 de
1145 1429 1241 1491 hortis

284 1536 432 1612 emendis3
453 1537 473 1597 5
493 1537 531 1599 de
552 1537 735 1599 Antisthenis
755 1536 855 1610 libro,
876 1536 965 1611 Κύρῳ.

376 1753 431 1805 Ser.
447 1753 476 1805 in
492 1752 591 1806 Antisti
607 1752 639 1806 d.
658 1753 691 1806 V.
709 1753 737 1807 C.
755 1753 904 1820 uccvnl,
921 1771 1008 1808 mensu
1025 1753 1103 1806 Heio.

553 1950 697 2015 CICERO
722 1951 873 2017 ATTICO
898 1955 930 2016 S.

296 2191 308 2238 s
338 2164 421 2238 Non
446 2162 588 2263 dubito,
611 2165 696 2266 quin
722 2165 1012 2265 occupatissimus
1038 2166 1159 2263 fueris,
1179 2170 1238 2267 qui

241 2288 287 2365 ad
312 2318 368 2363 rue
392 2290 479 2364 nihil
504 2288 690 2364 literarum.
724 2291 793 2363 Sed
825 2291 934 2366 homo
959 2319 1108 2394 nequam
1130 2309 1154 2390 ¹,
1179 2295 1237 2394 qui

241 2430 338 2490 tuum
365 2418 590 2492 commodum
615 2444 688 2491 uon
714 2421 937 2518 exspectarit,
962 2447 1069 2522 quum
1094 2419 1235 2491 obeam

239 2571 345 2618 uuam
372 2571 512 2619 causam
549 2546 674 2618 missus
710 2559 809 2618 esset
844 2546 947 2619 Nunc
980 2534 1144 2646 quidni,
1172 2547 1235 2617 nisi

240 2671 326 2771 quid
352 2683 386 2742 te
411 2671 547 2768 tenuit,
576 2671 753 2771 suspicor,
789 2684 825 2743 te
859 2696 934 2745 esse
964 2673 999 2742 in
1025 2670 1236 2743 suburbano.

238 2797 286 2867 Ar
310 2821 374 2894 ego
406 2795 464 2868 hic
497 2795 683 2868 scribendo
721 2796 795 2871 dies
826 2812 924 2872 totos
955 2781 1044 2869 nihil
1073 2797 1233 2898 equidem

239 2918 353 3018 levor,
377 2919 440 2992 sed
466 2933 583 2992 tamen
608 2921 731 2996 aberro
749 2940 773 2996 ².

289 3072 310 3117 2
335 3045 475 3119 Asinius
498 3045 613 3120 Pollio
639 3049 685 3121 ad
709 3076 766 3124 me
790 3052 929 3151 scripsit
954 3051 999 3122 de
1017 3052 1156 3149 impuro
1173 3074 1233 3124 no·

236 3183 309 3242 stro
335 3187 485 3270 cognato
502 3174 527 3244 ³.
563 3174 670 3264 Quod
700 3175 831 3249 Balbus
864 3178 979 3250 minor
1010 3202 1124 3275 nuper
1149 3178 1232 3250 satis

235 3293 360 3395 plane,
384 3297 564 3371 Dolabella
593 3299 740 3374 obscure
756 3302 783 3403 l,
808 3302 866 3375 hic
892 3303 1116 3401 apertissime.
1151 3303 1181 3373 F
1183 3328 1233 3375 er-

234 3446 307 3494 rem
334 3425 505 3520 graviter,
539 3426 568 3497 si
602 3451 715 3499 novae
750 3429 981 3526 aegrimoniae
1005 3427 1104 3500 locus
1130 3442 1229 3501 esset.

234 3544 304 3618 Sed
328 3561 444 3620 tamen
470 3552 596 3650 ecquid
621 3554 810 3652 impuriusl
839 3556 870 3628 0
896 3554 1076 3627 hominem
1102 3580 1230 3626 caven·

235 3669 338 3746 dnm!
368 3699 579 3774 quamquam
611 3678 696 3749 inihi
728 3680 870 3780 quidem
887 3684 912 3752 ⁵.
950 3679 1021 3752 Sed
1058 3680 1230 3752 tenendus

234 3796 336 3871 dolor
360 3811 421 3869 est.
446 3798 525 3896 Tu,
561 3802 725 3900 quoniam
758 3831 899 3880 necesse
931 3803 1018 3879 nihil
1049 3818 1104 3878 est
1120 3807 1146 3901 ⁶,
1180 3806 1230 3879 sio

234 3924 363 3998 scribes
387 3923 539 4026 aliquid,
565 3926 595 3999 si
621 3929 768 4004 vacabis.
