2648 4822
1065 322 1085 355 Ι

223 439 299 536 436
589 452 862 504 snnortrronrs

262 573 298 626 ut
309 561 413 624 Rosius
427 556 582 642 explanat,
595 579 669 620 num
683 556 809 619 soluturi
821 559 879 618 sint
890 554 1010 617 Faberii
1024 561 1148 621 nomine
1162 582 1239 644 pre·

261 675 337 733 tium
357 669 524 729 hortorum.

221 777 242 843 8
262 778 373 841 Scbiitz
386 777 481 838 dedit:
504 772 609 859 quoad
617 785 744 857 possunt
755 770 885 847 adduci,
905 772 1046 834 adducito
1052 820 1063 848 ,
1085 778 1160 857 qiua
1172 775 1236 838 ad.

261 885 379 962 ducito,
400 898 478 956 tum,
500 881 546 943 vei
566 881 708 943 adducito
730 894 812 941 mum
836 880 950 941 babent
976 880 1044 942 edet
1067 894 1138 943 vett.
1161 904 1235 943 cum

259 993 337 1058 Vict.
366 991 427 1053 Sed
447 989 519 1052 mihi
538 989 657 1050 videtur
677 993 708 1052 τά
732 988 847 1051 adduci
864 987 949 1049 facile
968 988 1123 1049 subaudiri
1144 1011 1235 1073 posse

261 1120 281 1162 e
301 1102 435 1182 sequenti
455 1097 607 1159 adducito.
628 1097 729 1178 Vulgo
749 1096 857 1178 quoad
872 1112 997 1179 possunt
1015 1097 1138 1158 adduci.

220 1228 242 1292 9
262 1205 574 1296 Sebiitziuslcorrenit
600 1204 645 1265 vet
674 1218 706 1263 tu
735 1203 813 1264 illud
842 1213 1004 1288 ἐφφὴφαμα,
1031 1204 1089 1264 boc
1120 1225 1231 1265 sensu:

259 1313 389 1376 Emendi
410 1325 478 1375 sunt
497 1312 571 1400 mffi
591 1313 684 1394 horti,
704 1315 814 1393 inquit,
835 1323 928 1394 tuque
949 1310 1022 1371 iliud
1042 1312 1088 1372 vei
1111 1321 1232 1396 ιφφῆμ.

259 1450 315 1506 μα,
332 1424 407 1482 sicut
427 1423 581 1504 scripsisti,
594 1420 624 1482 b.
639 1443 665 1481 e.
679 1421 779 1482 locum
793 1423 937 1481 senectuti
952 1421 1051 1500 quiete
1065 1423 1233 1500 transigen-

259 1528 318 1590 dae
336 1528 402 1611 (ep.
423 1526 612 1609 Dchtlt),
633 1527 680 1590 vel
702 1538 843 1610 ἐντάφιον,
861 1526 936 1587 idest
956 1526 1055 1587 locum
1069 1527 1231 1609 sepulchro

259 1657 329 1697 meo
350 1633 493 1701 idoneum
514 1647 626 1718 putato.

224 1763 261 1807 ιο
280 1743 452 1806 Perizonius
473 1742 528 1823 (ad
540 1743 652 1805 belian.
665 1743 703 1804 V.
726 1742 763 1803 H.
785 1743 807 1802 1.
835 1742 885 1819 ι6)
908 1742 997 1803 docet
1017 1751 1144 1824 ἐντάφιον
1167 1764 1231 1805 esse

147 1850 149 1855 '
259 1849 473 1932 quodcumque
498 1862 707 1912 ornamentum
735 1854 862 1935 mortui,
889 1863 924 1911 ut
947 1853 1048 1933 vestis,
1074 1872 1171 1933 quum
1199 1853 1231 1911 in

257 1959 334 2018 atrio
348 1960 516 2041 exponitur,
530 1958 686 2042 sepelitur,
701 1958 782 2018 unde
800 1969 969 2048 ἐνταφιάζειν
981 1959 1089 2019 dicitur
1101 1970 1167 2019 tota
1179 1958 1230 2020 illa

258 2084 345 2146 cura,
367 2087 444 2147 quse
470 2067 622 2146 ornando,
652 2064 836 2143 condiendo,
863 2064 1079 2147 condendoque
1105 2077 1229 2127 mortuo

257 2171 426 2239 adhibetur.
451 2173 517 2239 Hoc
537 2174 606 2235 loco
625 2177 688 2260 ipse
709 2173 731 2234 i.
751 2174 802 2233 Fr.
825 2174 994 2234 Gronovius
1015 2177 1230 2256 interpretatur

255 2282 415 2364 sepultura.
438 2281 526 2344 Horti
546 2283 603 2364 iiii,
624 2285 735 2365 inquit,
756 2293 845 2342 erunt
864 2302 925 2343 non
946 2281 1037 2343 modo
1051 2285 1171 2364 requies
1184 2303 1230 2343 se·

255 2391 395 2471 nectutis,
417 2410 469 2450 seu
491 2399 651 2475 ἐγγήραμα,
669 2401 749 2451 uttu
763 2389 923 2471 aliqnando
936 2392 1089 2472 scripsisti,
1110 2389 1164 2450 sed
1184 2398 1227 2452 ἐν-

255 2506 352 2579 τάφιον
371 2497 461 2576 adeo,
482 2499 597 2581 requies
617 2499 733 2558 nionui.
754 2499 819 2559 Non
841 2496 988 2580 absurde,
1009 2519 1069 2579 qua
1090 2517 1227 2581 sensum,

254 2603 347 2663 modo
368 2604 493 2664 verbum
523 2626 664 2684 graecum
691 2628 762 2666 eum
783 2617 945 2688 pateretur.
968 2606 1105 2686 Constat,
1128 2606 1226 2665 Grae-

254 2732 360 2771 corum
380 2733 464 2772 more
484 2732 546 2772 non
566 2723 702 2772 mortuos
724 2712 820 2774 solum
841 2710 1004 2794 magnificis
1025 2712 1155 2772 vestibus
1177 2734 1228 2772 or-

253 2828 352 2896 natos,
373 2819 425 2877 sed
447 2841 535 2901 saepe
557 2821 647 2879 etiam
667 2824 835 2880 morituros.
858 2821 935 2880 Hinc
948 2820 1150 2902 Apollodorus
1172 2820 1227 2878 So·

253 2927 340 2983 cratis
372 2924 532 3006 discipulus
559 2927 674 2987 Socrati
702 2927 849 2988 offerebat
878 2926 1067 3007 magnificam
1091 2938 1226 3010 vestem,

252 3052 313 3111 qua
328 3032 449 3110 induta,
471 3033 594 3093 demum
609 3037 736 3096 cicutam
751 3035 884 3118 biberet,
905 3034 987 3117 apud
1005 3035 1116 3094 belian.
1132 3035 1169 3096 V.
1186 3035 1224 3095 H.

253 3139 274 3197 l.
303 3138 345 3197 ιθ.
368 3139 412 3199 Cf.
434 3142 491 3219 iil,
514 3143 562 3219 24
584 3143 636 3225 IV,
657 3141 685 3203 8.
714 3144 818 3225 itaque
846 3147 933 3202 etiam
957 3153 1127 3229 ἐνταφιάζειν
1151 3141 1225 3202 mibi

252 3245 371 3305 videtur
391 3247 469 3307 hanc
483 3253 541 3308 vim
555 3250 669 3312 habere
683 3252 789 3312 Mattb.
804 3252 916 3329 xxvi,
936 3251 1119 3332 12,honoris
1134 3271 1225 3312 causa

250 3354 425 3413 moriturum
445 3378 559 3437 ungere.
581 3357 723 3418 Nondum
737 3364 815 3419 enim
834 3370 971 3418 mortuus
993 3369 1071 3432 erat,
1093 3360 1145 3417 etsi
1165 3379 1224 3416 un-

251 3462 362 3521 ctiones
384 3469 504 3544 proprie
525 3476 592 3547 post
612 3477 740 3526 mortem
769 3465 889 3526 fiebant.
919 3467 975 3524 Hic
1002 3486 1074 3546 ergo
1101 3476 1145 3524 est
1165 3464 1224 3524 ioci

250 3567 354 3646 huius,
375 3592 442 3629 rucu
463 3576 621 3655 sententia,
642 3595 759 3634 sensus:
781 3575 820 3633 Ιιι
841 3576 888 3634 bis
910 3575 1001 3633 hortis
1023 3595 1073 3653 ego
1095 3593 1155 3633 non
1176 3594 1224 3633 so-

250 3676 312 3734 lum
333 3679 461 3737 suaviter
478 3701 565 3760 agere
586 3696 774 3755 senectutem,
796 3680 958 3743 sedetiam
979 3685 1097 3743 honeste
1117 3682 1223 3741 iucun-

248 3782 344 3875 deque
363 3789 442 3846 mori
461 3808 508 3847 me
525 3807 615 3870 posse
636 3789 765 3871 confido.
787 3790 903 3850 Ernest.

213 3912 243 3950 ιι
270 3891 337 3951 Scit.
359 3891 488 3955 devilia
510 3894 616 3957 Cottae
636 3898 667 3957 in
687 3899 736 3958 via
757 3898 907 3982 Ostiensi,
929 3919 995 3983 epp.
1017 3895 1140 3978 DXLV,
1162 3919 1172 3956 1
1192 3910 1223 3960 ct

248 3997 364 4063 nul.
383 3998 415 4063 5.
