2648 4822
154 421 229 497 506
510 432 783 496 cremonense

472 688 477 700 ·
584 638 724 716 Demi.

156 891 168 931 r
191 865 270 929 Edd.
290 889 335 950 pr.
357 887 449 949 quam
471 877 515 937 ηις
537 868 635 927 minus
656 877 745 926 recte.

152 995 171 1037 n
192 977 239 1036 Ile
255 977 289 1035 A.
305 975 463 1056 Torquato
480 975 511 1033 in
531 973 665 1035 Caesaris
679 975 804 1054 gratiam
824 970 1016 1054 reducend03
1037 993 1087 1058 ep.
1107 995 1170 1057 sup

193 1093 224 1143 et
236 1082 315 1165 DCl,
334 1101 359 1143 r.
381 1081 499 1141 schum
514 1080 544 1140 A
559 1076 749 1143 Dolabells?
762 1077 878 1162 supple,
891 1099 1077 1162 cognovero.
1091 1083 1170 1142 Tum

193 1189 285 1248 simul
304 1209 359 1259 nc,
382 1186 512 1269 intellige
532 1205 702 1270 cognovero.

153 1295 172 1357 3
193 1296 272 1357 Edd.
295 1295 434 1378 Hervagii
457 1306 486 1355 ct
508 1297 624 1356 Ascens.
646 1308 699 1354 out
717 1292 764 1355 od
782 1314 940 1356 smnmunt.

152 1401 389 1482 ATabellarios.
416 1400 541 1463 Comei.

152 1511 174 1573 5
194 1513 238 1571 lta
259 1509 451 1571 scribendum
472 1520 537 1570 erat
556 1528 613 1591 pro
634 1507 714 1589 vulg.
736 1505 808 1569 ΗΧ
826 1505 899 1568 Kal.
920 1508 997 1568 Nam
1018 1507 1075 1570 XI
1097 1506 1168 1571 Kal.

191 1617 344 1701 profectus
365 1628 444 1699 erat,
465 1615 549 1699 quod
566 1626 600 1677 et
614 1637 659 1698 ep.
680 1614 822 1694 Dc11,4
843 1615 1026 1698 intelligitur.
1048 1617 1166 1679 &lon

151 1723 173 1786 6
193 1725 299 1783 Cicero
321 1723 421 1805 aliquo
443 1723 509 1783 loco
531 1723 778 1784 Academicorum
797 1725 934 1805 priorum
956 1723 1084 1806 (prioris
1105 1725 1167 1786 edi·

166 1849 169 1852 ’
192 1833 298 1912 tionisg
321 1852 366 1914 ep.
388 1831 498 1913 DCXl,
520 1830 572 1912 3),
597 1851 691 1911 qnmn
714 1831 752 1891 de
773 1838 863 1924 Ιποχῇ
884 1831 1091 1914 (mundone),
1116 1855 1167 1894 seu

193 1936 232 1998 de
253 1939 420 1997 assensione
442 1959 480 1997 ex
500 1936 749 1998 Academicorum
775 1941 919 1999 sententia
944 1940 1103 2000 retinendo
1122 1941 1167 2001 lo-

192 2056 307 2128 quutus
328 2057 420 2124 esset,
440 2066 512 2106 usus
533 2055 598 2105 erat
613 2044 763 2105 vocabulo
775 2045 933 2126 sintinere,
947 2058 983 2107 ut
997 2049 1026 2107 in
1040 2047 1168 2108 ansrllo

194 2152 303 2231 (Aend.
322 2157 415 2236 prior.
438 2151 487 2213 lib.
510 2154 552 2235 ll,
566 2156 633 2237 29).
653 2155 769 2214 Atticus
783 2156 810 2213 ei
824 2153 1007 2214 vocabulum
1022 2157 1167 2228 inhibere,

193 2264 273 2322 utin
289 2281 323 2322 ro
343 2265 463 2322 nautica
483 2261 521 2322 de
542 2261 715 2322 sustinendo
736 2263 818 2321 naris
839 2273 925 2322 motu
946 2262 1082 2324 solemne
1101 2284 1168 2324 rer-

194 2367 286 2446 bnm,
300 2369 508 2452 reponendum
524 2391 588 2431 esse
601 2380 775 2453 monuerat,
789 2371 876 2452 eique
891 2369 997 2430 Cicero
1018 2370 1170 2452 obserpru·

193 2487 241 2536 tus
262 2475 333 2536 locis
348 2476 439 2537 Acsd.
460 2497 507 2559 pr.
530 2478 572 2556 ll,
592 2473 628 2538 18
649 2486 678 2536 et
699 2495 753 2558 nr,
774 2495 830 2558 pro
850 2477 1035 2537 asseruionis
1050 2476 1168 2537 retentio

194 2582 316 2643 rescribi
337 2584 473 2644 voluerat
494 2584 676 2644 assensionis
697 2584 846 2657 inhibitio,
869 2595 900 2643 et
919 2604 976 2665 pro
995 2584 1169 2645 sustinenda

193 2704 237 2750 est
256 2725 297 2736 —-
317 2692 414 2750 omnis
440 2694 594 2764 assensio,
623 2690 784 2751 inhibenda
809 2704 853 2751 est
875 2725 917 2767 ‘.··
937 2692 1035 2750 omnis
1064 2715 1168 2752 assen-

193 2797 249 2856 sio.
270 2798 387 2857 Deinde
407 2809 507 2858 autem
523 2819 617 2879 quum
638 2803 720 2858 navis
741 2800 781 2859 ad
801 2798 901 2859 villam
917 2800 1093 2881 Arpinatem
1115 2822 1170 2882 ap·

193 2903 370 2985 pelleretur,
392 2905 549 2983 intellexit,
570 2927 665 2987 quum
686 2918 797 2967 nautae
817 2906 995 2966 iuberentur
1020 2907 1167 2980 inhibere,

193 3031 244 3070 eos
264 3032 325 3071 non
346 3016 490 3074 sustinere
511 3034 609 3073 remos
631 3026 661 3074 et
674 3036 692 3073 a
707 3015 881 3097 remigando
897 3035 1027 3093 cessare,
1041 3017 1096 3076 sed
1111 3016 1168 3075 alio

193 3118 285 3178 modo
305 3122 469 3200 remigare,
490 3143 599 3205 nempe
619 3143 721 3183 versus
742 3125 883 3205 puppim,
904 3142 964 3181 non
980 3142 1087 3183 versus
1102 3143 1169 3206 pro-

167 3261 169 3265 ·
193 3248 258 3286 ram
280 3230 442 3311 remigare,
463 3241 497 3289 ut
517 3233 600 3290 navis
626 3251 767 3291 converso
792 3230 891 3290 subito
912 3240 961 3290 eat
981 3241 1065 3290 retro
1088 3242 1118 3291 et
1139 3235 1167 3291 in

194 3338 318 3418 puppim
339 3337 483 3418 procedat
504 3337 542 3396 ad
564 3338 653 3398 littus.
677 3339 743 3398 Hoc
762 3340 905 3397 nimirum
921 3349 964 3397 est
979 3338 1111 3398 inhibere
1125 3360 1169 3397 ne·

194 3445 266 3514 mis,
289 3454 521 3528 ἀνακρούσασθαι.
541 3445 647 3506 Cicero
662 3449 751 3527 igitur
765 3446 888 3504 meliora
903 3445 1009 3505 doctus
1022 3445 1088 3506 vult
1103 3445 1169 3505 ubi-

194 3571 253 3630 que
275 3554 402 3634 serrari,
423 3551 589 3634 minorat,
610 3553 737 3614 verbum
757 3555 905 3612 sustinere.
927 3555 974 3612 De
994 3551 1090 3614 hoece
1105 3564 1168 3614 toto

193 3657 260 3718 loco
281 3659 381 3720 multis
402 3659 533 3742 disputat
556 3661 576 3719 l.
599 3662 634 3721 F.
656 3663 826 3721 Gronovius
849 3659 975 3719 Observ.
999 3661 1052 3735 lV,
1076 3660 1125 3721 26.

154 3785 170 3844 7
195 3765 286 3827 Acad.
308 3778 421 3850 quaest
442 3771 557 3849 primae
584 3769 737 3850 editionis3
763 3767 812 3827 alii
840 3767 950 3826 librum
976 3765 1014 3826 de
1036 3769 1168 3828 Oratore

195 3874 241 3954 (l,
264 3895 288 3932 c
311 3874 365 3952 33)
387 3872 544 3954 significari
563 3876 676 3937 volunt.
702 3873 826 3936 camd.
849 3872 1012 3954 Significsn'
1035 3878 1167 3956 primum

195 3978 232 4039 de
255 3979 384 4043 Oratore
404 3993 490 4064 putat
511 3981 692 4066 Lambinus,
713 3982 795 4064 quod
810 3980 877 4041 libri
900 3979 1069 4042 Academici
1091 4003 1167 4042 non-
