2648 4822
764 187 788 219 0

251 427 323 504 252
593 447 766 497 murem
793 447 925 498 rxcvu.
1037 445 1121 498 ar.
1138 449 1168 497 c
1186 443 1237 512 ,σο

250 554 368 656 quoad
394 552 547 648 licuerit,
573 549 735 649 dignitati
762 551 811 622 rei
836 546 999 649 publicae
1026 548 1260 649 consuluisse,

249 694 306 780 et,
332 679 397 750 hac
423 680 566 774 amissa,
592 676 767 749 salutem⁸
793 676 941 748 retinere
966 674 1130 749 voluisse.
1156 679 1256 753 Haec

246 806 388 905 scripsi,
413 830 487 877 non
511 816 552 876 ut
578 802 622 875 de
650 790 706 875 me
732 803 808 901 ipse
835 800 1005 901 dicerem,
1036 803 1099 874 sed
1127 818 1168 877 ut
1194 818 1256 904 tu,

246 933 306 1034 qui
332 928 615 1005 coniunctissima
649 927 745 1000 fuisti
769 951 910 1000 mecum
943 941 980 1000 et
1016 931 1191 1002 sententia
1222 944 1258 1003 et

243 1057 442 1154 voluntate,
468 1055 593 1128 eadem
617 1054 798 1151 cogitares.
826 1054 954 1150 Magna
980 1054 1072 1126 enim
1096 1055 1257 1129 consola-

243 1183 294 1255 tio
320 1196 394 1280 est,
427 1208 537 1283 quum
575 1179 803 1279 recordarer),
829 1179 963 1252 etiamsi
988 1205 1088 1253 secus
1113 1182 1255 1256 accide-

244 1307 306 1404 rit,
332 1321 367 1380 te
393 1321 512 1379 tamen
538 1319 633 1378 recte
666 1329 816 1404 vereque
849 1304 1007 1377 sensisse.
1041 1307 1158 1408 Atque
1183 1309 1253 1381 uti·

244 1458 328 1506 nam
354 1432 457 1506 liceat
482 1430 688 1531 aliquando,
705 1430 822 1531 aliquo
839 1430 1051 1530 reipublicae
1072 1446 1166 1505 statu
1184 1458 1251 1507 nos

245 1560 328 1657 frui,
353 1561 445 1631 inter
469 1582 604 1657 nosque
620 1572 649 1606 ¹⁰
668 1556 825 1629 conferre
842 1555 1079 1630 solicitudines
1102 1573 1251 1660 nostras,

246 1711 333 1786 quas
359 1683 566 1783 pertulimus
600 1695 697 1779 tum,
733 1708 842 1783 quum
875 1683 988 1754 timidi
1017 1683 1250 1785 putabamur,

244 1812 326 1912 quia
353 1807 555 1881 dicebamus
589 1834 629 1879 ea
663 1807 799 1906 futura,
832 1821 920 1908 quae
952 1808 1044 1881 facta
1076 1813 1250 1885 suntne

243 1936 312 2009 tuis
338 1934 440 2007 rebus
466 1933 555 2005 nihil
580 1959 673 2032 esse,
710 1935 807 2034 quod
832 1935 974 2032 timeas,
1007 1949 1147 2034 praeter
1170 1938 1248 2007 uni-

242 2086 363 2134 versae
390 2062 438 2132 rei
466 2058 627 2158 publicae
659 2059 857 2158 interitum,
886 2059 951 2131 tibi
986 2062 1166 2133 confirmo.
1194 2063 1248 2135 De

241 2212 299 2260 me
325 2199 443 2259 autem
469 2186 519 2258 sic
545 2185 651 2259 velim
683 2185 816 2258 iudices
829 2241 840 2283 ‚
876 2198 1047 2286 quantum
1073 2212 1138 2285 ego
1164 2213 1247 2288 pos·

240 2313 308 2386 sim
326 2328 367 2412 ¹¹,
391 2338 447 2384 me
473 2311 556 2410 tibi,
580 2310 683 2385 saluti
702 2326 799 2410 tuae,
815 2310 1002 2412 liberisque
1020 2311 1089 2383 tuis
1107 2339 1246 2387 summo

241 2463 323 2512 cum
347 2438 466 2513 studio
491 2454 635 2540 praesto
661 2464 800 2537 semper
824 2434 988 2511 futurum.
1015 2436 1114 2510 Vale
1201 2496 1205 2503 .

645 2689 843 2762 DXCVIII.
967 2730 1019 2788 (aa
1036 2730 1086 2777 Λιι.
1101 2731 1173 2792 xm,
1188 2735 1223 2792 7)

239 2862 460 2940 Argumentum.
487 2885 496 2922 1
523 2863 605 2940 Quid
622 2864 737 2924 Sextius
751 2865 788 2924 de
804 2865 940 2926 Caesaris
960 2865 1053 2925 literis
1074 2877 1104 2926 et
1117 2867 1155 2927 de
1167 2868 1244 2927 Len·

278 2968 343 3026 tulo
364 2973 548 3040 narraverit,
569 2975 704 3052 exponit3
726 2991 744 3030 2
765 2972 894 3032 Brutum
915 2974 946 3032 iu
968 2972 1175 3034 Tusculanum
1194 2997 1244 3035 re-

277 3075 356 3133 nisse
376 3079 502 3135 nuntiat.

296 3276 352 3331 Ser.
370 3279 397 3330 in
415 3279 561 3333 Tusculano
578 3283 610 3335 A.
629 3283 660 3334 V.
680 3283 707 3335 C.
727 3283 876 3348 Decv111‚
896 3301 918 3335 a.
939 3283 1077 3338 d.V11d.
1096 3284 1188 3355 Quint.

549 3479 694 3545 CICERO
719 3481 872 3546 ATTICO
898 3482 929 3545 S.

289 3713 301 3758 1
332 3686 501 3762 Sextius¹
537 3693 633 3792 apud
668 3719 725 3765 me
757 3694 844 3793 suit,
883 3709 919 3767 et
947 3695 1239 3799 Theopompus²

234 3811 365 3909 pridie:
404 3816 541 3888 venisse
576 3844 595 3889 a
621 3820 769 3892 Caesare
802 3820 967 3894 narrabat
994 3820 1139 3925 literas3
1169 3825 1239 3899 hoc

234 3937 404 4038 scribere,
442 3940 508 4015 sibi
540 3958 674 4018 certum
700 3970 775 4018 esse
800 3946 933 4021 Romae
957 3974 1117 4049 manere3
1155 3979 1239 4026 cau-
