2640 4822
35 466 40 481 ,
125 392 199 469 tto
259 470 262 475 ,
448 418 619 467 esssrocs
644 416 786 470 nexuve.
908 416 943 467 ι.
960 418 999 467 v.
1012 418 1048 471 c.
1065 414 1112 481 ‚se
1181 464 1188 479 ,

124 534 241 593 autem
267 542 478 620 numquam,
506 544 616 620 quum
648 518 735 591 milri
768 517 1025 593 denuntiatum
1047 532 1136 595 essu

123 647 260 744 atuis,
285 645 335 717 irc
364 642 516 746 aliquem
533 646 560 744 ³,
584 669 659 718 non
691 642 783 717 dedi.
816 643 930 736 Quod
963 644 1058 717 mihi¹
1087 645 1137 719 vi·

122 768 210 844 deor
234 795 278 844 ex
302 770 371 844 tuis
395 769 505 845 literis
531 769 745 871 intelligere,
776 783 814 843 te
844 768 936 844 nihil
966 771 1135 846 commis·

121 922 241 970 surum
267 921 343 969 esse
368 909 518 997 temere,
542 923 608 970 nec
634 911 734 995 ante,
757 922 865 999 quam
889 897 1039 997 scisses,
1062 920 1132 1000 quo

119 1023 209 1121 iste,
239 1022 359 1095 nescio
396 1023 456 1124 qui
468 1078 479 1123 ,
510 1022 684 1097 Caecilius
715 1020 879 1097 Bassusl
905 1035 1134 1124 erumperet,

119 1150 307 1251 quicquam
334 1150 417 1221 certi
447 1150 736 1222 constituturum:
767 1148 807 1222 id
838 1173 905 1248 ego
938 1162 978 1223 et
1011 1174 1132 1251 spera·

117 1300 212 1372 mm,
236 1274 422 1375 prudentia
441 1288 502 1346 tua
525 1273 652 1372 fretus,
676 1287 727 1373 et,
750 1287 793 1371 ut
816 1273 1058 1375 confiderem,
1081 1273 1131 1347 le·

117 1415 244 1473 cerunt
268 1414 348 1474 tuae
382 1402 598 1499 gratissimae
630 1397 719 1472 mihi
748 1398 872 1473 literae
888 1401 922 1474 ⁵:
947 1398 1061 1503 idque
1093 1412 1133 1472 ut

116 1522 222 1599 iacias
248 1550 353 1626 quam
387 1526 611 1625 saepissime,
635 1539 675 1599 ut
700 1538 738 1600 et
762 1525 850 1626 quid
882 1538 922 1599 tu
958 1550 1067 1627 ngas,
1096 1536 1133 1599 ct

115 1649 202 1751 qnid
227 1665 365 1748 agatur,
390 1652 478 1723 scire
505 1651 656 1751 possim,
679 1664 715 1724 et
741 1652 848 1726 etiam
873 1650 962 1752 quid
985 1664 1131 1725 acturus

113 1776 178 1873 ais,
205 1773 306 1847 valde
327 1789 362 1847 te
388 1801 483 1872 rogo.
510 1776 587 1849 Etsi
605 1777 789 1878 periniquo
808 1776 973 1878 patiebar
988 1777 1132 1867 animo,

112 1913 149 1973 te
173 1925 194 1972 a
219 1925 277 1971 mc
303 1900 455 2000 digredi,
481 1915 601 1975 tamen
625 1926 669 1975 eo
694 1914 856 2003 tempore
882 1927 939 1976 me
965 1900 1133 1977 consola·

111 2023 193 2127 bar,
217 2025 315 2128 quod
340 2040 376 2098 et
401 2027 437 2099 in
463 2053 640 2100 summum
666 2028 812 2101 οιίιιιιι6
838 2040 874 2101 te
901 2029 952 2101 ire
979 2026 1128 2103 arbitra·

110 2149 193 2252 bar,
218 2167 255 2226 et
280 2152 324 2224 ab
350 2152 636 2251 impendentibus
669 2155 805 2253 magnis
831 2155 983 2254 'negotiis
1010 2154 1129 2229 disce·

111 2276 203 2352 dere.
221 2279 421 2380 Vtrumque
441 2293 564 2352 contra
583 2278 721 2352 accidit.
748 2281 858 2353 Istict
877 2281 975 2354 euim
991 2278 1128 2354 bellum

109 2417 164 2477 est
188 2419 348 2478 exortum
356 2432 366 2503 5
392 2405 449 2477 lsic
474 2430 545 2505 pax
572 2418 778 2478 consecuta:
803 2404 868 2479 sed
894 2418 1015 2479 tamen
1036 2406 1131 2479 eius

108 2511 208 2603 madi
231 2557 319 2631 pax,
343 2532 380 2603 in
406 2557 475 2632 qua
488 2531 515 2628 ⁸,
532 2531 561 2603 si
587 2529 743 2628 adesses,
767 2530 877 2604 multa
902 2544 940 2604 te
966 2556 1045 2606 non
1062 2530 1129 2605 de·

105 2652 291 2729 lectarent:
312 2681 353 2728 ea
371 2670 507 2754 tamen,
532 2681 622 2757 quae
639 2680 684 2728 ne
701 2656 819 2755 ipsum
834 2658 1026 2731 Caesarem
1045 2659 1126 2761 qui-

106 2777 187 2851 dem
207 2777 422 2854 delectante.
440 2780 619 2854 Bellorum
638 2782 732 2853 enim
750 2781 905 2856 civilium
922 2778 961 2855 hi
976 2808 1123 2883 semper

104 2904 218 2977 exitus
251 2919 354 3004 sunt,
389 2920 430 2979 ut
460 2931 535 2978 non
568 2931 609 2979 ea
642 2905 757 2980 solum
781 2908 890 3006 fiant,
916 2934 1009 3009 quae
1034 2908 1125 2983 velit

103 3028 235 3128 victor,
259 3030 323 3104 sed
348 3033 473 3133 etiam,
497 3045 538 3104 ut
562 3032 605 3104 iis
637 3056 715 3104 mos
745 3032 918 3131 gerendus
955 3034 1019 3133 sit,
1044 3035 1122 3137 qui·

100 3153 168 3227 bus
202 3155 419 3230 adiutoribus
451 3158 497 3230 sit
528 3170 630 3257 parta
661 3158 819 3231 vieton'a.
849 3157 1033 3259 Equidem
1063 3161 1118 3235 sic

98 3280 171 3356 iam
188 3281 355 3383 obdurui,
377 3298 416 3357 ut
432 3283 524 3356 ludis
540 3299 569 3333 ¹⁰
587 3283 747 3357 Caesaris
768 3285 882 3357 nostri
899 3286 1116 3386 aequissimo

98 3409 218 3482 animo
243 3407 400 3483 viderem
424 3409 465 3483 T.
492 3408 666 3482 Plancum
679 3423 722 3506 ¹¹,
739 3407 896 3482 audirem
914 3408 1060 3485 Laberii
1078 3425 1116 3486 et

96 3531 214 3607 Publii
233 3551 263 3587 ¹²
287 3547 461 3636 poemata.
495 3534 592 3611 Nihil
625 3534 712 3608 mihi
738 3549 811 3608 tam
845 3534 969 3610 deesse
995 3539 1091 3612 scito
1105 3594 1118 3640 ,

96 3682 203 3756 quam
229 3662 369 3764 quicum
395 3662 482 3737 haec
507 3661 726 3764 ,familiariter
759 3660 934 3763 docteque
960 3660 1114 3737 rideam.

93 3776 131 3851 1³
155 3796 194 3858 tu
221 3789 304 3887 eris,
330 3791 359 3863 si
384 3818 489 3892 quam
515 3791 669 3891 primum
694 3776 841 3861 veneris.
869 3787 981 3880 Quod
998 3803 1040 3861 ut
1060 3788 1114 3863 sa·

93 3902 189 4007 cies,
221 3938 294 3989 non
325 3942 403 3992 mea
435 3918 550 3995 solum
562 3972 573 4016 ‚
605 3914 670 3992 sed
704 3914 811 3988 ctiam
845 3925 905 3987 tua
949 3916 1127 3990 interesse

91 4026 253 4125 arbitror.
