2648 4822
539 425 576 478 nr
602 424 794 477 srtsronss
1095 403 1167 506 507

199 529 273 592 dum
301 531 411 591 luserint
438 528 525 608 editi,
550 529 747 612 nondumque
768 527 807 589 sd
828 527 996 590 Varronem
1023 549 1169 613 pervene-

205 641 280 723 rint3
307 651 341 699 ut
361 638 428 698 licct
456 636 618 719 intelligere
644 657 679 703 ex
707 639 756 716 iis,
782 657 861 719 quse
881 633 899 720 ἓ
917 635 940 698 6
959 635 1035 698 infru
1061 640 1169 720 scriptu

201 759 278 808 sunt
300 748 339 807 At
358 749 437 806 missi
458 745 577 806 fuerunt
591 744 776 806 describendi
798 743 837 805 sd
857 724 1169 828 Atticumuuthusm

201 854 404 935 vulgarentur.

158 960 179 1023 8
200 962 337 1022 Fortasse
352 961 400 1022 hic
414 961 485 1022 lutet
498 982 607 1021 nomeu
620 963 696 1021 servi
710 959 834 1037 literati,
846 980 899 1019 seu
913 958 1034 1020 librarii.
1050 958 1168 1021 Scitin.

199 1072 364 1131 Nemeum
390 1069 539 1153 plerisque
566 1071 762 1151 interpretum
788 1086 850 1127 uon
874 1077 965 1150 puto,
993 1067 1169 1128 Ciceronem

199 1178 327 1237 I'urroni
350 1199 493 1259 umquam
516 1175 692 1237 Academica
711 1177 818 1257 prioris
838 1172 975 1234 editionis
996 1173 1122 1235 dedisse.

158 1308 180 1369 9
200 1286 230 1344 Si
252 1285 342 1357 sorte,
362 1306 440 1366 qsrac
454 1288 642 1366 scripseram,
663 1283 801 1365 mutavit,
822 1282 997 1364 Interposito
1010 1281 1105 1342 verbo
1121 1282 1168 1344 fn-

199 1392 305 1452 libere.
321 1390 475 1451 Ernestius
489 1391 646 1451 lectionem
659 1389 737 1451 Bosii
752 1391 881 1450 retinens
895 1390 1010 1471 scripsit
1023 1391 1083 1449 nisi
1090 1389 1169 1470 forte

198 1498 334 1580 minavit,
362 1497 444 1580 quod
471 1496 651 1580 Illougcltius
678 1508 709 1559 et
735 1500 920 1558 Goerenrius
939 1499 971 1557 in
993 1497 1106 1558 Introd.
1127 1496 1168 1556 sd

199 1606 259 1666 Cic.
281 1603 371 1666 dcud.
392 1626 422 1687 p.
445 1605 479 1665 31
505 1605 656 1666 damnent.

162 1734 198 1776 ιο
217 1714 353 1774 Fuimus
378 1723 408 1774 et
431 1711 596 1796 Mslsspins
622 1711 774 1773 melebeut
800 1706 954 1782 herilium
981 1725 1017 1774 ut
1041 1733 1167 1796 sequens
1284 1725 1286 1727 ’

197 1840 299 1882 versus
314 1821 350 1880 sit
364 1819 469 1880 Lucilii
481 1822 589 1903 politae
611 1820 741 1897 satynot
759 1821 800 1879 Iis
815 1824 936 1882 suousit
949 1820 1060 1882 Sehutz
1073 1823 1104 1880 iu
1118 1820 1167 1883 ed.

197 1926 398 2012 epistolarum.
417 1929 458 1989 tt
476 1931 651 1990 seutentiam
678 1930 808 1988 mruvtt
826 1928 859 1988 irs
875 1929 922 1989 sd.
944 1929 1041 2012 opp,
1062 1939 1092 1990 et
1112 1949 1168 1991 ex-

196 2034 297 2119 plunut
325 2037 375 2114 (in
400 2035 519 2117 Proleg.
548 2037 577 2096 in
598 2028 689 2097 Acad.
720 2029 791 2095 libb.
804 2029 829 2117 l:
857 2030 934 2096 lliIriI
966 2036 1073 2097 melius
1102 2049 1167 2114 est,
1216 2012 1229 2028 ’

197 2164 288 2227 quum
309 2154 344 2205 ut
363 2142 523 2230 Lucullus,
541 2158 645 2226 mmm
665 2143 702 2204 de
724 2152 816 2236 Imp
837 2143 987 2225 loquitur,
1012 2144 1108 2224 dicut,
1134 2165 1166 2207 se

167 2287 169 2291 ·
196 2272 319 2313 currmn
334 2255 494 2336 sustinere,
512 2247 607 2333 idque
617 2245 764 2311 verstesto'
778 2251 949 2312 iteremus
963 2256 1084 2335 pudure,
1104 2253 1166 2313 sivo

198 2362 221 2420 is
240 2360 389 2443 Lucilius,
410 2362 471 2420 sive
492 2359 567 2419 alius
587 2358 691 2419 fuerit:
714 2357 866 2419 sttmtsear
883 2370 939 2419 etc.
960 2357 1053 2419 dead.
1072 2361 1164 2442 prior.

196 2466 246 2528 lib.
269 2468 312 2550 II,
332 2488 376 2552 ¹9·
398 2468 544 2549 Rescripsi
557 2465 657 2537 bonu',
679 2475 713 2526 ut
727 2486 830 2527 versus
850 2477 979 2544 constet,
993 2486 1078 2528 more
1092 2465 1166 2527 scili·

195 2586 242 2635 cet
261 2580 419 2657 potiturum
443 2587 595 2654 veterum3
617 2572 685 2634 vide
706 2573 906 2634 Goerenzium
927 2573 994 2635 loco
1015 2576 1063 2635 cit.

159 2704 189 2742 rr
214 2682 283 2758 Est,
305 2687 464 2765 interprete
478 2681 602 2742 Budaeo
617 2682 628 2764 (
637 2681 752 2742 Comm.
767 2682 821 2742 Gr.
835 2683 901 2742 Lin.
916 2703 945 2763 p.
962 2679 1056 2766 390),
1069 2692 1164 2742 status

191 2790 304 2874 pugilis
318 2789 349 2850 ln
365 2790 521 2872 procinctu
540 2791 661 2872 stands,
681 2786 891 2873 oeeaslom'qroe
912 2789 1081 2873 offerendae
1091 2791 1165 2875 pla-

191 2918 251 2978 gae
269 2898 456 2959 immineruir.
477 2897 612 2959 ltdiioete
633 2897 732 2981 placet
752 2896 853 2959 locum
869 2919 885 2958 e
900 2894 997 2960 Gellio
1017 2900 1104 2977 XIII,
1125 2919 1163 2980 27

194 3005 233 3066 dc
253 3005 310 3066 hec
330 3005 363 3067 re
384 3008 526 3089 insignem
536 3021 544 3066 τ’
564 3006 660 3067 Sicuti
681 3004 728 3067 itti
746 3005 758 3089 (
765 3006 920 3089 Athletae)
933 3006 979 3068 ad
993 3006 1165 3068 certandum

193 3115 308 3187 meari,
322 3114 463 3197 proleetlr
484 3115 544 3176 alte
564 3111 695 3174 omeliis
716 3116 893 3191 comittunt,
916 3129 1064 3197 captetque
1084 3129 1166 3176 etos

193 3243 281 3281 nsum
300 3215 443 3281 mosibus
458 3222 605 3304 oppositis
617 3222 709 3305 qnasi
721 3223 803 3283 rullo
811 3223 1024 3306 praemurduut
1042 3234 1097 3284 etc.
1118 3223 1166 3284 Ex

192 3327 340 3387 Ernesrio.
428 3364 431 3368 Δ
934 3346 936 3352 “

157 3454 192 3495 η
212 3435 268 3518 Ep.
290 3453 354 3518 sup.
378 3435 467 3496 dixit:
489 3432 527 3496 dc
539 3434 633 3518 sama
653 3434 731 3497 nihil
748 3429 824 3498 sune
843 3433 958 3498 laboro.

155 3541 191 3602 13
212 3543 274 3619 Qui
296 3551 362 3604 erut
383 3561 452 3603 cum
474 3542 603 3604 Cecssre
622 3545 653 3603 in
675 3543 833 3627 IIIspuuie,
860 3547 922 3605 sive
942 3543 981 3605 dc
1008 3562 1062 3624 eo,
1081 3542 1167 3627 quud

193 3649 289 3710 Pollio
319 3650 359 3710 ad
390 3651 564 3712 Ciceronem
596 3653 755 3735 scripserat
786 3651 824 3713 de
857 3653 972 3730 Quinto
1003 3650 1065 3713 lilio
1093 3654 1165 3736 (ep.

192 3756 338 3838 DLXIII,
358 3762 411 3841 π),
433 3761 493 3821 sire
513 3758 639 3820 PolIIoni
662 3759 773 3843 sliquId
794 3758 934 3820 accidisse
950 3759 1074 3821 adversi.
1091 3760 1169 3821 Gno-

194 3884 259 3924 nov.
281 3865 549 3944 Quemadmodum
577 3868 753 3949 ignoretur,
779 3887 842 3950 quo
865 3866 939 3927 haee
967 3865 1005 3927 de
1031 3866 1166 3929 Pollione
1260 3931 1281 3941 ,

193 3975 375 4056 pertineant,
396 3976 437 4034 sie
458 3985 488 4035 et
509 3973 572 4054 illu,
593 3997 671 4058 quse
693 3987 860 4058 sequuntur
879 3973 918 4035 de
936 3973 1050 4058 Punsu,
1071 3976 1167 4039 Crito·

195 4079 260 4165 nio,
280 4079 401 4161 Metello
422 4091 453 4143 et
472 4079 614 4163 Balbino,
636 4083 772 4167 explicari
792 4102 854 4143 non
873 4094 1005 4165 possunt.
