2648 4822
171 410 242 509 176
499 430 668 477 sarsrom
696 432 828 479 mxvn.
946 432 1137 497 anons

165 547 226 605 aut
251 557 472 630 congressum
498 558 635 631 meum,
673 547 733 605 aut
764 531 965 606 facilitatem
992 540 1161 610 sermonis

165 658 394 732 desideravit?
419 658 521 732 Nune
547 662 662 758 ipsum
689 686 729 730 ea
754 659 832 757 lege
846 716 856 759 ,
888 687 928 732 ea
954 662 1091 760 scribe,
1124 677 1162 735 ut

161 787 203 884 ii,
229 788 288 886 qui
313 812 450 857 mecum
476 799 575 884 sunt,
594 786 765 858 difficilius
783 788 893 858 otium
912 787 1037 885 ferant⁷
1056 817 1159 889 quam

162 939 226 1011 ego
252 912 417 984 laborem.
436 913 472 982 Si
490 913 567 1013 quis
585 913 744 1012 requirit,
763 940 823 984 eur
840 914 971 985 Romae
989 941 1061 987 non
1079 918 1159 989 sim:

162 1040 242 1140 quia
269 1039 439 1112 discessus
465 1053 518 1110 est
530 1057 556 1136 93
573 1065 635 1110 eur
652 1065 724 1110 non
741 1041 806 1110 sim
824 1040 859 1109 in
878 1039 931 1111 his
950 1041 1034 1113 meis
1061 1070 1158 1141 prae-

163 1166 282 1263 diolis,
308 1193 396 1266 quae
422 1179 505 1237 sunt
529 1164 632 1236 huius
659 1166 826 1263 temporis
841 1182 879 1237 ¹⁰:
898 1166 977 1264 quia
1005 1167 1159 1267 frequen·

162 1292 244 1364 tiam
273 1291 365 1362 iliam
392 1318 464 1363 non
490 1288 587 1363 facile
614 1291 745 1362 ferrem.
772 1291 826 1364 Ibi
851 1317 929 1363 sum
953 1292 1075 1390 igitur,
1100 1294 1157 1364 ubi

159 1419 206 1515 is,
232 1418 291 1517 qui
317 1420 469 1516 optimas
494 1418 596 1490 Baias
616 1433 643 1466 ¹¹
670 1416 839 1515 habebat,
874 1421 1060 1518 quotannis
1091 1419 1156 1491 hoc

159 1557 297 1642 tempus
325 1570 528 1615 consumere
554 1541 697 1615 solebat.
717 1544 835 1633 Quum
854 1543 1002 1615 Romam
1021 1570 1157 1643 venere,

158 1696 224 1741 nee
250 1669 366 1766 vultu,
392 1696 456 1741 nee
483 1670 640 1741 oratione
665 1667 908 1767 reprehendar.
937 1669 1157 1742 Hilaritatem

158 1795 274 1891 illam,
313 1823 379 1896 qua
416 1795 508 1866 hane
542 1797 717 1867 tristitiam
745 1809 942 1893 temporum
969 1796 1155 1869 condieba-

159 1947 256 2018 mus,
282 1923 318 1992 in
345 1936 552 2020 perpetuum
579 1923 687 1992 amisi.
718 1921 924 1993 Constantia
950 1936 986 1992 et
1013 1924 1155 1994 firmitas

158 2074 223 2120 nec
250 2050 372 2144 animi,
398 2074 462 2118 uec
488 2048 655 2120 orationis
682 2047 902 2146 requiretur„

208 2177 232 2268 4
263 2177 315 2246 De
348 2174 458 2245 hortis
496 2172 699 2271 Scapulanis
720 2189 748 2221 ¹²
787 2172 855 2244 hoc
890 2172 1029 2244 videtur
1067 2174 1153 2245 effici

158 2326 278 2400 posse²
306 2299 398 2371 aliud
419 2305 447 2351 ¹³
476 2315 534 2371 tua
552 2300 688 2397 ‘gratia‚
713 2297 808 2370 aliud
833 2311 969 2395 nostra,
994 2311 1034 2370 ut
1060 2326 1155 2397 prae

159 2431 237 2500 coni
264 2428 499 2499 subiiciantur.
526 2427 568 2499 Id
593 2428 657 2497 nisi
687 2427 739 2521 fit,
765 2423 997 2496 excludemur.
1025 2425 1085 2495 Sin
1112 2423 1154 2494 ad

157 2553 310 2624 tabulam
327 2553 355 2618 ¹4
375 2556 549 2650 venimus7
568 2556 746 2634 vincemus
765 2550 945 2621 iireultates
964 2549 1114 2621 Othonis
1128 2551 1153 2598 ¹⁵

157 2693 275 2749 nostra
311 2679 512 2776 eupiditate.
546 2679 636 2749 Nam
663 2676 758 2776 quod
784 2676 830 2747 ad
855 2702 909 2746 me
937 2674 979 2745 de
1004 2675 1152 2747 Lentulo

157 2802 277 2873 scribis
298 2807 337 2898 ¹⁶,
362 2828 435 2873 non
470 2817 523 2874 est
554 2805 592 2872 in
618 2829 668 2873 eo.
698 2801 891 2873 Faberiano
918 2801 1025 2873 ruodo
1051 2827 1105 2872 res
1124 2818 1151 2864 ¹⁷

157 2942 251 3000 certa
279 2929 343 3025 sit,
368 2941 474 3027 tuque
501 2929 647 3025 enitare,
674 2928 769 3028 quod
795 2928 899 3023 facis3
932 2927 1028 3027 quod
1055 2925 1152 2998 volu·

155 3079 254 3147 runs,
280 3078 540 3154 consequemur.

206 3176 226 3251 5
253 3180 361 3269 Quod
387 3182 539 3280 quaeris,
565 3206 669 3279 quarn
696 3179 756 3251 diu
781 3176 1150 3276 hi0183paucosdies.

154 3305 224 3377 Sed
251 3320 384 3377 eertum
409 3331 481 3377 non
507 3305 630 3377 habeo.
656 3305 766 3377 Simul
792 3333 832 3376 ae
859 3304 1091 3399 constituere,
1108 3301 1153 3372 ad

155 3445 189 3502 te
213 3430 379 3502 scribam:
407 3447 442 3502 et
469 3447 504 3502 tu
533 3432 577 3501 ad
605 3459 676 3529 me,
694 3459 797 3531 quam
817 3432 877 3502 diu
895 3431 931 3500 in
949 3427 1149 3501 suburbano

152 3556 198 3628 sis
223 3556 365 3627 futurus.
393 3558 474 3646 Quo
501 3557 557 3627 die
584 3542 647 3653 ego
674 3557 720 3627 ad
747 3571 780 3627 te
806 3555 893 3627 haec
917 3556 1011 3651 misi,
1029 3554 1072 3624 de
1092 3554 1150 3624 Pi·

150 3680 195 3752 lia
222 3696 257 3752 et
281 3682 395 3754 Attica
427 3681 511 3753 mihi
545 3708 684 3782 quoque
716 3683 855 3780 eadem,
889 3707 977 3783 quae
1004 3679 1150 3774 scrinis,

152 3824 187 3879 et
212 3807 410 3883 scribuntur
435 3821 471 3891 et
496 3809 708 3881 nuntiantur.
