2648 4822
217 381 292 477 444
588 394 859 447 iunorirronts

639 605 761 668 DLVII.

214 848 234 889 Δι
258 826 388 886 Achaiae
407 823 583 907 praefectus.
601 822 710 883 Audita
725 821 842 882 Tulliae
856 821 1005 882 Ciceronis
1017 819 1099 884 filiae
1115 837 1239 909 morte,

258 944 444 995 moerentem
464 944 579 1014 patrem
600 931 658 990 hac
678 929 817 1014 epistola,
837 929 985 1011 perfectae
1007 942 1036 990 et
1054 930 1236 996 elaboratae

260 1042 466 1103 consolationis
486 1038 638 1122 exemplo,
659 1039 779 1100 solatur.
802 1038 904 1115 Quam
924 1037 1078 1121 epistolam
1095 1040 1238 1124 Sulpicio

259 1153 444 1234 suppositam
464 1149 502 1209 ab
524 1151 646 1229 antiquo
667 1146 787 1207 rhetore
801 1157 888 1229 putat
900 1145 934 1206 cl.
949 1146 1111 1230 Ciampius.
1125 1149 1237 1210 Primo

260 1264 339 1322 enim
360 1259 523 1318 locutiones
544 1267 613 1316 sunt
633 1267 715 1316 tanto
731 1258 809 1334 viro,
830 1267 865 1315 ut
885 1254 1028 1337 Sulpitius
1049 1266 1131 1337 erat,
1153 1256 1236 1317 indi·

259 1390 351 1448 gnae,
378 1367 416 1427 de
441 1387 502 1448 quo
531 1365 635 1424 Cicero
662 1367 724 1446 ipse
751 1363 867 1424 scribit:
884 1362 985 1443 facile
1010 1362 1084 1423 cedo
1113 1378 1237 1424 mortem

257 1477 435 1558 scriptorum
449 1473 603 1533 subtilitati
615 1485 642 1532 ct
655 1472 817 1551 el’gantiae
830 1470 895 1553 (ep.
911 1470 1100 1554 CDLxlx);
1122 1471 1237 1534 deinde

258 1582 333 1643 haee
354 1584 448 1642 omnis
469 1578 658 1663 amplificatio
680 1591 725 1640 est
751 1579 914 1661 depravata
937 1581 1060 1638 imitatio
1087 1579 1237 1662 epistolae

259 1689 474 1750 consolatoriae
487 1687 661 1748 DCCCLVI
682 1687 723 1746 ad
744 1687 863 1766 Titum,
883 1685 930 1746 vel
944 1685 1045 1747 XVIII
1066 1689 1146 1747 inter
1159 1709 1236 1770 spu·

259 1801 319 1859 rias
339 1797 378 1857 ad
399 1798 534 1857 Brutum.
556 1796 687 1877 CiampI,
708 1795 815 1855 Feriae
836 1795 1044 1878 Varsnrienses
1069 1814 1118 1854 an
1144 1793 1236 1858 1820.

220 1927 239 1967 2
259 1906 348 1968 Amb.
370 1907 391 1981 4
410 1907 584 1965 nuntiatum.

220 2013 239 2074 3
259 2014 320 2074 Zel.
341 2014 368 2074 A
389 2023 418 2072 et
440 2011 507 2071 edd.
529 2032 574 2093 pr.
596 2009 771 2082 minimum
792 2009 853 2070 Zel.
875 2009 899 2068 B
920 2010 1127 2070 miserrimum.

219 2121 327 2198 illoc
348 2131 405 2202 est,
426 2117 539 2179 confici.
562 2116 645 2179 Caes.
665 2117 737 2177 Bell.
756 2116 833 2178 Gall.
849 2117 923 2195 VII,
944 2114 996 2178 58:
1018 2118 1187 2200 Postquam
1203 2119 1238 2180 id

236 2225 414 2313 ‚difficilius
440 2226 561 2310 copiari
586 2224 802 2286 animdvertit.
828 2226 851 2285 I.
872 2224 922 2284 Fr.
944 2226 1075 2286 Gronov.
1098 2226 1138 2285 At
1163 2224 1235 2287 libri

258 2335 450 2418 pluresfieri
468 2335 579 2395 debent.
602 2335 683 2394 Tum
704 2332 810 2394 Lamb.
838 2333 873 2393 id
895 2334 1018 2418 corpieri
1043 2333 1149 2407 delen
1173 2335 1234 2397 scil.

260 2443 292 2504 id
312 2462 422 2526 genus,
444 2455 475 2504 at
495 2465 531 2504 ca
552 2445 670 2525 respicit
690 2443 910 2503 consolationis.

218 2549 311 2614 5Sie
337 2551 403 2610 libri
430 2551 468 2610 ad
495 2573 590 2610 unum
618 2571 720 2611 omnes
748 2563 777 2610 et
797 2553 897 2632 scripti
922 2560 952 2610 et
975 2552 1053 2632 typIs
1080 2554 1236 2636 impressi,

261 2669 380 2741 praeter
390 2657 575 2717 Schiitzium:
590 2658 687 2716 forma
702 2657 843 2738 loquendi
857 2679 917 2717 non
931 2658 1079 2735 insolenti,
1093 2679 1150 2739 pro
1160 2682 1236 2741 pru-

258 2765 367 2847 pinqui
384 2786 423 2824 oc
433 2765 608 2844 familiares
631 2765 690 2845 ipsi
697 2810 705 2835 ‚
724 2787 781 2846 per
799 2788 876 2846 quos
890 2777 945 2826 etc.
967 2767 1088 2825 Terent.
1102 2768 1134 2824 in
1149 2767 1234 2827 Prol.

261 2871 370 2931 Andr.:
385 2873 501 2953 Populo
516 2884 547 2929 ut
556 2873 723 2952 placerent,
738 2874 945 2954 quassccisset
953 2873 1097 2954 fabriles,
1112 2896 1183 2955 pro:
1200 2886 1236 2936 ut

261 2977 412 3061 placerent
425 2978 538 3060 populo
553 2979 690 3062 fabulae,
705 3001 778 3059 quas
793 2981 915 3041 fecisset.
930 2983 1012 3061 Virg.
1024 2983 1095 3042 Aen.
1111 2982 1139 3058 I,
1154 2980 1233 3062 577:

266 3085 302 3145 V
297 3084 376 3144 rhene
387 3107 480 3166 qnam
490 3100 597 3159 statuo,
609 3101 702 3147 vestro
712 3101 770 3158 est,·
787 3100 816 3148 et
827 3089 887 3149 Cic.
899 3112 945 3170 ep.
957 3090 1184 3167 Dcxxxvlll,
1201 3114 1212 3150 1
1227 3112 1234 3150 :

261 3191 316 3252 Ad
339 3191 499 3253 Caesarem
520 3217 614 3275 priam
628 3197 699 3255 misi
711 3197 868 3278 epistolam
875 3243 884 3270 ,
899 3199 961 3257 cius
975 3198 1237 3279 excrnplnmfitgit

261 3321 308 3359 me
322 3314 382 3360 turn
397 3302 451 3361 tibi
470 3303 589 3361 mittere.
612 3303 698 3364 Adde
714 3326 760 3386 ep.
774 3304 936 3382 CCXXIII,
948 3303 976 3364 5.
999 3306 1101 3384 Itaque
1116 3325 1178 3362 uon
1191 3309 1236 3364 vi·

263 3407 335 3484 deo,
359 3431 452 3490 qtrare
474 3410 637 3470 rescribere
664 3412 792 3471 voluerit
817 3410 983 3471 Schiitzius:
1008 3412 1174 3494 propinqui
1192 3435 1235 3472 ac

251 3514 444 3595 sarniliorcs,
466 3517 526 3598 ipsi
547 3529 602 3577 etc.

221 3621 319 3684 6Ed.
341 3627 395 3684 Ito.
420 3638 535 3707 queunt.
562 3628 636 3686 Mox
656 3627 746 3708 vulgo
773 3628 816 3686 uti
840 3628 955 3707 nzagis;
984 3637 1015 3686 at
1040 3625 1106 3686 libri
1128 3626 1233 3687 multis

263 3731 397 3814 partibus
417 3732 517 3814 plures
538 3746 568 3792 ut
588 3755 628 3795 m.

224 3860 242 3918 7
263 3837 321 3898 Ed.
342 3839 397 3897 Ito.
419 3839 499 3898 Milli
519 3841 550 3900 in
569 3861 608 3897 m.
629 3861 653 3900 v.

224 3944 244 4005 8
265 3944 370 4005 Lamb.
391 3946 462 4006 Non
481 3946 565 4029 quod
576 3981 617 3991 -
629 3949 797 4008 existimem
803 3972 814 4020 ,·
835 3947 895 4007 Zel.
916 3948 940 4006 B
960 3970 1020 4008 non
1032 3970 1092 4031 qrto
1108 3983 1146 3991 -
1160 3952 1232 4008 exi-

264 4051 432 4123 stimarem,-
447 4055 498 4132 qui
511 4053 673 4115 rescribere
688 4057 777 4115 etiam
792 4053 942 4115 debuisset
955 4055 1029 4115 infra
1037 4057 1231 4135 perspiceres.
