2648 4822
245 427 315 508 ada
611 451 782 504 westou
812 455 902 505 ocxt.
1023 458 1154 513 unc.
1173 454 1221 523 ,οι

243 573 392 661 quatuor
408 555 432 629 ³.
459 559 500 631 In
525 560 592 656 eis,
617 584 706 660 quae
732 573 832 632 erant
857 571 980 632 contra
1007 563 1242 655 σἀαταληψῶι

240 684 417 784 praeclare
442 683 588 758 collecta
614 684 659 758 ab
682 683 879 782 Antiocho,
897 685 1048 759 Varroni
1076 686 1177 784 dedi;
1197 689 1244 760 ad

240 837 280 886 aa
304 813 381 912 ipse
404 811 620 912 responde03
653 825 690 884 tu
717 838 753 886 es
778 812 910 909 tertius,
928 813 965 884 in
990 837 1152 887 sermone
1177 840 1242 887 no-

238 947 322 1012 cuos
357 937 395 1010 si
430 938 572 1012 cotum
603 952 643 1012 et
665 927 863 1012 Varronem
898 933 1057 1012 fecissem
1087 939 1180 1015 iuter
1202 965 1241 1014 se

239 1059 478 1165 disputantes,
502 1078 543 1138 ut
567 1092 587 1138 a
612 1077 648 1138 te
679 1064 848 1166 proximis
880 1062 990 1139 literis
1024 1065 1242 1164 admoneor3

239 1206 354 1265 lneum
381 1196 479 1272 rosh
510 1201 666 1286 spirauca
702 1204 794 1264 esset
810 1191 836 1263 ⁶.
875 1190 954 1264 Hoc
986 1191 1023 1262 ln
1057 1192 1243 1292 antiquls⁶

236 1315 395 1417 personis
419 1319 573 1391 suaviter
598 1319 660 1417 fit,
686 1330 726 1390 ut
750 1330 786 1390 et
810 1315 1015 1390 Heraclides
1041 1317 1078 1389 iu
1104 1315 1243 1415 multis,

236 1458 272 1517 et
304 1468 370 1518 nos
403 1467 464 1517 sex
504 1441 548 1515 de
580 1440 630 1515 lie
663 1439 804 1542 publica
839 1437 939 1514 libris
964 1439 1118 1515 fecimus.
1151 1441 1243 1515 Sunt

236 1571 339 1642 etiam
367 1569 410 1641 de
436 1570 586 1643 Oratore
616 1568 729 1643 nostri
767 1563 875 1666 tres,
896 1566 982 1640 mihi
1015 1567 1241 1641 vehementer

235 1693 383 1794 probati.
408 1696 451 1767 ln
477 1696 525 1767 eis
551 1721 692 1797 quoque
709 1720 770 1766 eae
788 1717 960 1793 personae
977 1708 1079 1792 suut,
1096 1708 1138 1767 ut
1154 1695 1238 1766 mihi

232 1818 422 1892 tacendum
448 1820 558 1892 luerit
584 1821 731 1894 Crasstts
747 1819 841 1890 enim
859 1818 1031 1920 loquitur,
1044 1822 1241 1919 Antonius,

231 1942 379 2020 Catulus
410 1969 540 2046 senex,
556 1944 609 2020 G.
645 1945 779 2045 lulius,
812 1945 921 2018 linter
952 1944 1087 2044 Catuli,
1107 1947 1241 2044 Cotta,

231 2052 415 2174 Sulpicius.
443 2073 559 2148 Puero
585 2095 642 2145 me
666 2069 726 2147 hic
751 2094 867 2146 sermo
892 2071 1088 2168 inducitur,
1104 2084 1145 2144 ut
1163 2071 1241 2143 nul·

230 2192 287 2275 tae
311 2223 387 2273 esse
408 2213 558 2302 possent
590 2210 712 2301 partes
750 2223 857 2272 meae.
897 2197 998 2291 Quae
1030 2208 1150 2269 sutem
1181 2193 1236 2269 his

231 2323 448 2426 temporibus
474 2325 619 2428 scripsi,
644 2310 878 2422 Ἀριστοτέλεις»
903 2335 1039 2397 morem
1062 2319 1234 2396 habenta:
1309 2297 1321 2330 ⁸

230 2449 268 2526 in
293 2475 364 2554 quo
387 2478 503 2527 sermo
528 2454 577 2526 ita
603 2450 781 2525 inducitur
806 2465 1025 2546 ceterorum,
1056 2462 1098 2521 ut
1124 2472 1233 2548 penes

228 2580 345 2679 ipsum
370 2579 418 2652 sit
441 2580 671 2679 principatus.
704 2579 758 2650 Ita
788 2575 923 2649 confeci
948 2576 1102 2676 quinque
1127 2573 1237 2647 libros

228 2705 298 2800 arpi
323 2708 430 2798 τελῶν,
462 2716 503 2776 ut
531 2705 707 2802 Epicurea
741 2705 779 2774 L.
806 2702 1006 2802 Torquato,
1041 2700 1161 2774 Stoica
1187 2700 1234 2772 ll.

229 2826 371 2927 Catoni,
395 2833 610 2924 περιπατητικά
636 2828 682 2900 Μ.
698 2827 820 2900 Pisoni
847 2826 976 2901 darem.
993 2831 1234 2924 Ἀζηλοτύπητον

228 2948 267 3025 id
303 2949 377 3026 lore
414 2966 598 3054 putaram,
635 2926 733 3056 quod
761 2979 885 3027 omnes
918 2953 968 3026 illi
1001 2947 1233 3028 decesserant.

227 3077 325 3151 Haec
350 3078 581 3179 Academica,
607 3095 647 3154 ut
672 3082 760 3179 scis,
785 3108 866 3154 cum
892 3077 1037 3178 Catulo,
1060 3077 1233 3174 Lucullo,

226 3203 417 3280 Hortensio
444 3207 661 3283 conualeram
674 3210 700 3280 ⁸.
720 3209 811 3282 Sane
837 3209 874 3280 in
898 3232 1068 3308 personas
1086 3231 1162 3281 nou
1178 3231 1236 3279 ca·

122 3434 125 3440 ,
229 3330 371 3406 debant.
395 3331 510 3409 Erant
535 3337 627 3407 enim
645 3339 840 3432 layradrepa,
857 3361 962 3438 φιιιιιι
985 3348 1023 3407 ut
1046 3333 1096 3407 illi
1120 3332 1167 3406 de
1191 3332 1234 3404 iis

227 3460 420 3533 somniasse
458 3486 624 3562 umquam
665 3463 875 3536 viderentur.
913 3464 1059 3562 ltaque,
1093 3470 1134 3531 ut
1164 3455 1235 3556 legi

226 3597 303 3659 tuas
330 3585 374 3659 de
391 3586 571 3687 Varrone,
597 3605 777 3693 tamquam
794 3594 919 3686 ἑρμαῖον
945 3585 1084 3688 arripui.
1104 3584 1233 3685 Aptius

224 3735 298 3787 esse
324 3713 413 3786 nihil
438 3718 556 3814 potuit
583 3718 628 3790 ad
661 3717 699 3791 id
734 3715 980 3819 philosophiae
1006 3715 1138 3815 genus,
1163 3735 1234 3814 quo

223 3836 283 3912 ille
309 3841 459 3916 maxime
485 3841 572 3915 mihi
597 3843 764 3919 delectari
788 3843 945 3941 videtur,
970 3865 1136 3942 measque
1155 3864 1234 3940 par·

224 3989 275 4050 tes
292 3984 325 4064 95
358 3983 397 4042 ut
429 3996 501 4044 non
534 3975 599 4046 sim
633 3989 862 4070 consecutus,
902 3986 941 4043 ut
969 3971 1129 4068 superior
1154 3994 1230 4042 mes
