2648 4822
213 420 286 521 ³7⁰
550 434 724 488 rererona
749 436 895 488 mmrrr.
999 436 1033 487 e
1049 439 1085 490 v.
1101 438 1130 488 e
1149 435 1201 502 „r

210 547 249 619 in
272 564 370 641 eum,
394 553 576 643 tamquam
599 564 621 614 e
644 538 846 640 naufragio,
861 538 1027 643 rebqruas
1052 542 1229 619 conorlis·

209 680 274 745 set
297 667 379 743 Hoc
404 679 523 741 nutem
547 679 709 768 tempore
731 692 814 741 eum
829 667 988 743 Gaesar⁵
1004 669 1044 742 in
1061 682 1228 745 senatum

209 792 308 895 legit:
333 819 439 896 quem
464 791 626 867 ordinem
649 790 727 893 ille,
742 794 810 867 ista
827 794 1053 894 possessione
1077 797 1227 896 amissa,

209 920 301 997 tueri
325 921 386 993 vix
409 932 531 1020 potest
545 921 573 993 ⁶.
589 920 846 994 Gravissimum
871 934 990 994 autem
1015 934 1086 1019 est,
1111 948 1227 1023 quum

208 1047 369 1147 superior
394 1045 507 1120 factus
532 1047 579 1120 sit
602 1045 747 1145 ordine,
776 1045 977 1121 inferiorem
1011 1072 1087 1120 esse
1112 1047 1225 1122 fortu-

208 1196 278 1249 ne:
303 1173 518 1275 minimeque
542 1173 732 1273 convenit,
766 1197 809 1247 ex
834 1197 878 1247 eo
903 1198 1012 1273 egro,
1046 1174 1106 1275 qui
1131 1175 1225 1249 Cae·

209 1298 298 1374 seris
321 1299 419 1373 iussu
445 1297 648 1398 diridamr,
677 1324 760 1373 eum
783 1299 943 1399 moveri,
974 1301 1036 1402 qui
1061 1301 1223 1375 Caesaris

206 1422 381 1501 beneficio
406 1438 549 1500 senator
573 1425 628 1499 ait
654 1424 727 1499 Sed
750 1424 838 1498 mibi
862 1426 979 1498 minus
1002 1424 1091 1499 libet
1109 1425 1222 1500 multa

207 1546 255 1625 de
279 1551 456 1652 aequitate
479 1549 531 1624 rei
556 1549 732 1649 seribere,
765 1574 811 1624 ne
844 1576 948 1624 eausa
974 1552 1097 1650 potius
1122 1552 1222 1651 opud

206 1686 246 1749 te
269 1673 421 1751 valuisse
445 1675 613 1776 videare,
636 1701 743 1781 qnam
768 1677 890 1776 gratia
916 1674 1159 1769 Quamobrem
1184 1690 1222 1750 te

205 1801 247 1874 in
268 1801 440 1874 maiorem
458 1798 606 1876 modum
621 1826 728 1902 rogo,
743 1815 784 1876 ut
801 1803 841 1876 C.
859 1802 972 1876 Curtii
988 1827 1082 1903 rem,
1102 1826 1220 1875 meam

206 1940 312 2028 putes
338 1952 441 2023 ,esset
478 1925 648 2029 quiequid
681 1954 759 2002 mea
795 1954 899 2002 causa
932 1927 1083 2026 faceres,
1115 1942 1156 2001 ut
1181 1929 1220 2002 id

206 2052 247 2127 G
270 2050 383 2125 Curtii
410 2077 515 2127 oausa
541 2080 651 2156 quum
676 2054 818 2154 feceris,
835 2054 1029 2152 existimes,
1045 2053 1143 2155 quod
1159 2053 1219 2127 ille

205 2200 273 2281 per
296 2190 331 2251 te
355 2176 536 2280 babuerit,
569 2179 607 2253 id
640 2206 698 2254 me
723 2180 853 2255 habere
880 2179 944 2253 abs
970 2193 1005 2254 te
1024 2180 1051 2253 ⁸.
1076 2179 1156 2257 Hoc
1181 2194 1219 2254 te

207 2300 434 2381 vehementer
459 2306 566 2380 etiam
593 2320 699 2411 atque
724 2310 830 2381 etiam
855 2331 953 2407 rogo.

614 2559 810 2635 DCXLIV.
935 2602 991 2657 (ir
1007 2601 1059 2645 nn.
1075 2601 1145 2658 xm,
1160 2604 1192 2655 s)

204 2736 423 2815 Asgsnuenmm.
453 2737 600 2796 Rutilium
632 2746 739 2817 roget,
771 2746 804 2797 ut
831 2738 861 2797 in
889 2756 1035 2818 agrorum
1065 2737 1214 2797 divisione

244 2840 344 2903 Albini
367 2843 489 2922 praedia
509 2862 548 2902 ne
568 2843 705 2924 attingat.

338 3046 393 3098 Ser.
413 3046 508 3100 Romus
527 3049 556 3098 Α.
575 3047 608 3099 V.
626 3047 655 3101 C.
675 3048 828 3116 uccvul,
846 3067 934 3104 mense
952 3049 1073 3103 Octobri.

367 3242 411 3311 Μ.
428 3244 465 3309 Τ.
481 3243 627 3313 CICERO
644 3245 687 3311 M.
704 3246 783 3313 RVT
789 3248 870 3312 1L10
885 3257 896 3293 ¹
914 3250 945 3310 S.
963 3248 995 3310 P.
1014 3246 1050 3309 D.

252 3432 373 3529 Quum
398 3446 435 3506 et
460 3432 544 3505 mihi
572 3436 733 3509 conscius
752 3461 882 3534 essem,
908 3433 1030 3536 quanti
1058 3445 1092 3503 te
1118 3429 1211 3504 sace-

120 3656 123 3661 ,
201 3580 294 3659 rem,
318 3572 355 3633 et
380 3572 477 3633 tuam
503 3586 583 3660 erga
610 3588 666 3635 me
683 3560 958 3635 benivolentiam
976 3571 1141 3657 expertus
1159 3585 1211 3632 ss-

201 3709 294 3784 aem,
324 3709 398 3759 non
431 3684 592 3761 dubitavi
617 3713 637 3760 a
663 3701 698 3760 te
724 3700 861 3786 petere,
894 3684 990 3784 qood
1025 3684 1110 3754 mihi
1144 3711 1207 3783 pe·

201 3808 349 3886 tendum
382 3826 482 3885 esset.
513 3813 553 3886 P.
578 3811 767 3886 Sextiumi
792 3811 914 3912 quanti
947 3809 1093 3908 faciam,
1127 3811 1202 3909 ipse

201 3938 335 4037 optime
352 3940 441 4015 scio:
469 3938 589 4041 quenti
617 3951 736 4010 autem
762 3935 874 4010 facere
902 3936 1066 4035 debeam,
1091 3951 1127 4012 et
1153 3950 1206 4029 tn,
