2648 4822
166 386 218 458 8*
506 401 677 453 crisconi
704 405 814 452 uxvu.
949 401 1143 470 r.v.c.7‹›t

165 534 244 584 rum
268 521 305 580 et
327 505 548 608 publicarum
565 521 601 579 et
617 533 771 580 suarum:
790 520 907 580 tamen
924 507 1018 580 oculi
1039 525 1168 609 augent

166 633 325 710 dolorem
343 635 375 732 ³3
407 634 467 734 qui
499 659 560 731 ea,
593 660 682 734 quae
715 634 821 706 ceteri
850 632 1015 734 audiunt,
1039 637 1167 710 intueri

165 775 360 860 coguntur,
394 786 460 832 uec
493 773 650 832 avertere
682 786 702 832 a
736 760 883 832 miseriis
917 761 1167 858 cogitationem

165 889 293 962 sinunt.
324 888 443 979 Quare
473 887 538 958 etsi
571 885 759 959 multarum
789 911 905 958 rerum
932 886 1105 961 desiderio
1132 904 1166 962 te

164 1017 244 1114 augi
268 1040 411 1087 necesse
437 1028 503 1085 est:
524 1027 642 1085 tamen
667 1011 729 1085 illo
756 1011 893 1110 dolore,
919 1038 990 1113 quo
1016 1017 1167 1086 maxime

163 1156 199 1214 te
224 1143 350 1214 confici
376 1139 502 1238 audio,
527 1139 624 1241 quod
649 1141 783 1212 Romae
809 1164 882 1211 nou
908 1141 978 1237 sis,
1011 1142 1167 1213 animum

163 1283 262 1341 tuum
287 1267 405 1340 libera.
433 1269 512 1341 Etsi
538 1267 635 1375 euim
659 1293 739 1338 cum
766 1291 892 1363 magua
911 1265 1069 1338 molestia
1089 1281 1168 1339 tuos

161 1410 291 1496 tuaque
330 1394 528 1467 desideras:
567 1407 686 1465 tamen
718 1391 777 1465 illa
804 1391 968 1490 quidem,
1000 1419 1089 1492 quae
1114 1419 1167 1465 re·

161 1522 288 1622 quiris,
323 1548 425 1592 suum
463 1533 594 1591 statum
628 1529 767 1617 tenent,
804 1544 869 1590 uec
902 1515 1044 1616 melius,
1074 1519 1104 1590 si
1129 1533 1167 1591 tu

161 1646 320 1745 adesses,
344 1658 520 1744 tenerent,
544 1670 610 1717 uec
636 1657 719 1717 sunt
743 1643 816 1717 ullo
841 1645 879 1716 iu
903 1646 1050 1744 proprio
1075 1646 1168 1746 peri-

153 1771 264 1871 culo;
294 1793 361 1845 nec
394 1772 502 1845 debes
528 1785 584 1871 tu,
617 1797 726 1872 quum
753 1769 798 1843 de
824 1771 892 1843 tuis
918 1773 1074 1871 cogitas,
1107 1785 1168 1844 aut

160 1898 387 1998 praecipuam
413 1897 565 2000 aliquam
584 1896 761 1971 fortunam
778 1896 977 1997 postulare,
997 1911 1058 1970 aut
1075 1925 1168 1972 com-

75 2002 93 2020 „
159 2048 303 2098 munem
334 2050 504 2098 recusare.
536 2026 590 2098 De
619 2038 654 2097 te
688 2038 805 2096 autem
837 2024 941 2123 ipso,
968 2024 1167 2125 Torquate,

158 2165 213 2224 est
237 2165 337 2223 tuum
362 2152 412 2223 sic
438 2151 569 2249 agitare
596 2149 754 2249 animot,
771 2163 811 2222 ut
835 2175 910 2222 uon
936 2149 1103 2223 adhibeas
1128 2153 1166 2224 iu

158 2275 342 2350 consilium
360 2277 614 2374 cogitationum
633 2289 772 2348 tuarum
792 2276 1088 2376 desperationem,
1105 2292 1166 2350 aut

157 2404 330 2477 timorem.
355 2402 431 2477 Nec
457 2405 552 2476 enim
578 2404 647 2502 is⁵‚
664 2403 779 2503 quiin
798 2415 832 2474 te
855 2401 970 2474 adhuc
994 2403 1166 2500 iniustior,

155 2554 261 2631 quam
287 2535 347 2602 tua
374 2529 526 2628 dignitas
560 2528 782 2630 postulabat,
820 2528 903 2626 fuit,
940 2555 1013 2602 nou
1040 2556 1164 2627 magna

155 2653 253 2752 signa
280 2654 377 2727 dedit
403 2640 511 2726 animi
538 2682 618 2753 erga
645 2668 680 2727 te
706 2655 854 2752 mitigati
863 2683 874 2753 3
899 2676 965 2727 uec
991 2668 1110 2728 tamen
1136 2658 1165 2729 is

155 2781 251 2879 ipse,
276 2805 297 2851 a
323 2803 394 2879 quo
420 2778 513 2852 salus
538 2781 689 2879 petitur,
721 2778 830 2852 habet
861 2779 1072 2880 explicatam
1105 2795 1166 2854 aut

157 2904 376 3004 exploratam
418 2905 592 2978 rationem
634 2904 755 2979 salutis
797 2931 880 2980 suae
906 2910 931 2978 ⁶.
976 2910 1165 3010 Quumque

155 3032 315 3104 omnium
351 3029 524 3104 bellorum
558 3032 669 3105 exitus
702 3033 827 3105 incerti
860 3035 951 3132 sint3
985 3034 1029 3105 ab
1055 3035 1163 3108 altera

81 3166 88 3182 '
153 3156 336 3231 victoriat
364 3157 428 3229 tihi
460 3158 654 3257 periculum
687 3158 821 3232 nullum
856 3186 931 3233 esse
964 3161 1164 3260 perspicio,

153 3283 251 3385 quod
279 3283 420 3385 quidem
446 3286 642 3358 seiunctum
668 3287 713 3359 sit
739 3286 783 3359 ab
801 3288 959 3360 omnium
977 3286 1121 3358 interitu
1135 3288 1162 3384 ⁸3

154 3408 199 3482 ab
226 3407 334 3483 altera
363 3425 398 3484 te
423 3414 539 3511 ipsum
564 3440 755 3516 numquam
782 3415 938 3487 timuisse
961 3427 1058 3486 certo
1077 3414 1161 3486 scio.

152 3533 341 3637 Reliquum
368 3553 438 3639 est,
469 3553 510 3612 ut
540 3553 576 3613 te
611 3539 648 3614 id
681 3542 820 3641 ipsum,
847 3539 1035 3642 quodego
1062 3540 1162 3641 quasi

151 3662 406 3739 consolationis
431 3665 512 3740 loco
538 3693 652 3768 pono,
677 3669 826 3740 maxime
852 3668 1045 3764 excruciet,
1064 3692 1161 3739 corn·

152 3811 258 3863 mune
284 3791 480 3892 periculum
506 3794 555 3866 rei
579 3792 763 3894 publicae:
802 3795 900 3866 cuius
937 3794 1026 3864 tauti
1052 3793 1157 3891 mali,

155 3919 315 4015 quamvis
342 3916 439 3993 docti
463 3920 528 3994 viri
555 3920 664 3996 multa
692 3920 833 4018 dicant,
869 3933 985 3994 tamen
1012 3943 1137 3992 vereor
1151 3972 1161 4017 ,
