2648 4822
245 387 319 461 338
569 405 741 455 sererent
767 358 904 452 ncxxxri
1030 403 1061 452 Δ.
1077 406 1111 454 v.
1129 407 1160 455 c.
1177 403 1228 470 2⁰⁸

244 511 342 610 sequi
368 509 437 605 vis,
462 505 559 580 nullo
584 505 693 580 modo
711 531 894 606 assequere
907 523 931 576 ⁷.
950 503 1066 578 Tanta
1084 519 1141 578 est
1156 508 1252 581 enim

242 636 447 708 intimorum
471 630 679 729 mul-titudo,
703 645 744 703 ut
769 657 812 703 ex
836 631 878 703 iis
903 629 1028 730 aliquis
1054 632 1174 730 potius
1203 634 1252 705 ef·

243 758 345 858 fluat,
370 784 476 859 qnam
500 781 598 830 novo
625 757 670 828 sit
691 757 828 831 aditus:
855 756 1061 855 praesertim
1082 757 1143 858 qui
1163 758 1252 830 nihil

244 881 382 982 efferat,
406 896 546 984 praeter
570 907 732 982 operam3
764 883 801 954 in
835 907 903 983 qua
929 880 1020 953 illess
1046 908 1083 954 se
1110 881 1251 956 dedisse

242 1006 454 1081 beneficium
479 1006 619 1107 putabit
640 1008 697 1094 (si
722 1007 831 1082 modo
865 1006 903 1079 id
928 1007 1050 1107 ipsum
1077 1007 1166 1079 sciet
1183 1025 1201 1074 s
1217 1019 1251 1108 )²

218 1138 318 1209 'non
343 1135 520 1234 accepisse
540 1149 578 1205 ¹⁰.
616 1131 687 1206 Sed
720 1146 838 1206 tamen
869 1131 1002 1235 aliquid
1026 1131 1251 1232 videbimus,

242 1259 376 1360 inquo
408 1261 454 1331 sit
486 1259 618 1358 speeies
638 1274 676 1328 ¹¹.
715 1258 827 1331 Aliter
858 1257 1001 1358 quidem
1038 1283 1112 1330 non
1139 1258 1249 1332 modo

242 1408 315 1457 non
342 1383 598 1484 appetendum,
623 1383 686 1455 sed
707 1385 813 1455 etiam
831 1383 1035 1481 fugiendum
1052 1395 1151 1482 puto.
1168 1384 1248 1482 Ego

242 1534 299 1581 me
316 1509 464 1582 Asturae
482 1508 611 1581 diutius
631 1507 784 1582 arbitror
804 1522 1116 1607 commoraturum,
1128 1508 1267 1615 qusad¹

241 1630 299 1704 ille
325 1632 535 1735 quandoque
561 1635 688 1706 veniat.
714 1633 812 1706 Vale.

635 2012 858 2087 DCXXXII.
973 2053 1027 2110 <nr
1044 2053 1096 2097 nn.
1114 2051 1158 2111 vr,
1173 2053 1221 2110 κ)

239 2185 458 2264 Argumentum.
480 2187 636 2247 Torannio
656 2189 816 2260 exsulanti,
837 2189 888 2269 qui
904 2188 1022 2248 Caesari
1047 2207 1082 2247 ex
1097 2186 1244 2269 Hispania

280 2292 448 2352 advenienti
471 2293 593 2353 obviam
609 2298 653 2355 irs
669 2294 806 2367 volebat,
820 2295 939 2367 suadet,
952 2315 990 2354 ne
1003 2314 1034 2354 se
1048 2295 1136 2353 citius
1150 2314 1243 2374 quam

280 2416 356 2478 opus
378 2401 430 2469 sit,
451 2399 533 2471 loco,
554 2397 605 2458 ubi
628 2404 679 2472 sit,
700 2411 899 2460 commoveat.

329 2602 383 2654 Srr.
403 2605 510 2655 Attinas
528 2608 558 2657 Α.
577 2606 610 2657 V.
629 2607 656 2657 C.
677 2606 826 2670 DCCVHI,
846 2601 935 2657 mense
949 2605 1038 2657 Sextili
1055 2622 1150 2657 exeun.

510 2803 654 2865 CICERO
680 2802 914 2867 i'OliANMO'
942 2805 971 2866 S.

286 3002 462 3077 Dederam
488 3006 605 3079 triduo
631 3018 713 3078 ante
739 3009 856 3105 pueris
882 3008 947 3080 Cn.
972 3007 1141 3081 Plancii²
1166 3007 1240 3082 lite·

235 3151 290 3199 ras
317 3129 363 3201 ad
388 3143 432 3201 te.
459 3131 516 3204 Eo
542 3157 636 3204 nune
662 3156 722 3204 ero
748 3131 906 3231 brevior,
931 3149 1052 3236 teque,
1070 3148 1110 3206 ut
1136 3149 1238 3209 antea

234 3253 460 3355 consolabar,
496 3254 565 3329 hoe
599 3259 790 3357 tempore³
820 3259 982 3333 moneb0.
1019 3261 1115 3334 Nihil
1148 3277 1237 3363 puto

232 3377 295 3450 tibi
323 3407 397 3460 esse
423 3381 558 3481 utilius,
592 3409 695 3483 quam
730 3382 860 3465 ibidem
895 3386 1048 3485 opperiri
1064 3384 1092 3485 4,
1118 3387 1238 3487 quoad

231 3505 319 3579 scire
345 3510 474 3604 possis,
500 3508 585 3607 qnid
612 3508 675 3580 tibi
702 3511 876 3607 agendum
902 3512 956 3583 sit
983 3511 1073 3584 Nam
1096 3526 1237 3611 prester

229 3632 462 3726 navigationis
495 3631 618 3731 longae
651 3650 687 3707 et
720 3636 879 3708 hiemalis
913 3652 949 3709 et
979 3638 1126 3709 minime
1151 3663 1237 3738 por·

232 3767 352 3827 tunsae
379 3757 595 3857 periculum,
628 3763 723 3861 qnod
758 3763 941 3860 vitaveris,
973 3788 1018 3834 ne
1043 3761 1132 3836 illud
1159 3763 1236 3865 qui·

230 3878 310 3954 dern
337 3908 409 3955 non
440 3885 614 3983 quantivis
633 3891 657 3982 ⁵,
684 3887 821 3984 subito,
855 3915 961 3991 quurn
989 3889 1075 3960 certi
1102 3886 1235 3990 aliquid
