2648 4822
183 440 251 532 rid
520 458 692 509 rrrsross
718 459 831 507 uxsrx.
952 454 986 504 s.
1002 454 1038 505 v.
1055 457 1085 503 c.
1102 453 1146 519 ,οι

177 589 239 661 so,
272 574 311 633 ut
342 584 385 633 eo
417 560 534 633 animo
564 561 651 656 sim,
683 585 754 660 quo
779 559 809 630 is
834 555 962 628 debeat
986 581 1084 656 esse,
1112 558 1167 659 qui

177 713 290 761 emere
316 687 453 787 cupiat:
489 698 526 757 et
562 699 679 758 tamen
711 684 825 756 servio
849 683 897 753 ita
923 680 1111 780 cupiditati
1134 696 1166 755 ct

176 813 289 887 dolori
320 836 421 910 meo,
456 824 497 883 ut
528 835 548 883 a
581 823 616 882 ta
648 811 720 907 regi
746 807 858 880 velim.
888 808 1060 905 Egnatius
1084 806 1165 880 mibi

174 939 322 1038 scripsit.
347 937 381 1009 Is
407 937 436 1008 si
462 934 547 1036 quid
570 948 687 1008 tscum
716 932 853 1006 locutus
886 932 952 1004 erit
984 940 1163 1019 (commo-

175 1064 315 1135 dissime
341 1063 434 1135 enim
458 1085 523 1160 per
547 1085 627 1132 eum
652 1060 707 1156 agi
731 1067 879 1158 potest),
895 1055 940 1128 ad
957 1080 1015 1129 me
1039 1056 1162 1151 scribe5

173 1203 210 1261 et
234 1187 271 1262 id
297 1185 470 1286 agendum
496 1199 592 1285 puto.
626 1183 714 1256 Nam
749 1208 829 1254 cum
855 1181 940 1254 Silio
964 1206 1039 1255 non
1063 1180 1160 1253 video

173 1315 298 1387 confici
322 1337 436 1412 posse.
462 1311 570 1384 Piliae
594 1324 631 1382 et
653 1310 791 1383 Atticae
815 1307 972 1381 salutem.
999 1308 1097 1380 Haec
1120 1305 1160 1379 ad

171 1452 207 1511 te
232 1464 308 1511 mea
335 1463 450 1511 manu.
475 1434 587 1533 Vide,
613 1459 760 1541 quaese,
785 1432 872 1539 quid
895 1432 1071 1531 agendum
1096 1433 1145 1505 sit

630 1812 703 1887 DL.
883 1850 939 1911 (aa
955 1849 1006 1896 au.
1022 1851 1081 1907 xrs,
1095 1850 1138 1906 a>

167 1993 385 2070 Argrmrentum.
410 2010 421 2050 1
445 1992 492 2050 De
512 2011 673 2071 congressu
694 2010 762 2049 cum
784 1986 917 2047 Publilia
930 1990 1057 2068 eiusque
1070 1997 1156 2047 maus

206 2107 237 2156 et
255 2096 347 2157 fratre
367 2095 508 2165 vitando:
530 2117 547 2155 2
568 2097 605 2157 de
626 2097 753 2178 pecunia
773 2095 933 2155 Cicerunis-
945 2092 1012 2156 filio
1031 2094 1156 2179 perepi-

205 2204 333 2265 uatiouis
353 2222 443 2264 causa
463 2202 664 2264 attribuenda.

243 2409 297 2463 Ser.
316 2411 423 2463 Asturae
440 2410 472 2463 t.
491 2408 524 2462 V.
541 2409 571 2463 c.
590 2406 846 2477 DCCV111,mame
863 2404 940 2461 stara
958 2415 1084 2463 excunte.

472 2605 616 2673 CICERO
641 2606 791 2670 ATTICO
816 2605 846 2669 S.

217 2838 227 2881 1
259 2810 408 2884 Publilia
427 2826 438 2860 ¹
466 2810 512 2883 sd
535 2834 593 2883 me
618 2810 771 2912 scripsit,
787 2824 934 2885 matrem
952 2838 1054 2887 suum
1077 2840 1152 2887 curu

159 2934 310 3010 Publilio
329 2953 344 2986 ²
369 2936 414 3007 ad
439 2962 495 3009 me
522 2949 722 3036 venturam,
739 2952 774 3009 et
791 2963 828 3010 se
845 2962 935 3035 una,
958 2940 988 3010 si
1013 2964 1080 3039 ego
1097 2967 1152 3041 pa-

160 3074 266 3134 terer:
291 3076 369 3135 orat
392 3061 510 3135 multis
535 3077 572 3136 et
595 3062 812 3165 supplicibus
838 3063 969 3162 verbis,
986 3078 1028 3137 ut
1042 3064 1151 3163 liceat,

158 3201 194 3257 et
218 3200 256 3260 ut
281 3187 347 3260 sibi
372 3189 568 3262 rescribam.
600 3191 668 3263 Res
701 3214 806 3291 quam
832 3188 978 3263 molesta
1004 3191 1071 3290 sit,
1104 3192 1150 3263 vi-

156 3312 227 3387 des.
252 3315 441 3416 Rescripsi,
472 3342 529 3388 me
554 3317 658 3388 etiarn
694 3316 831 3414 gravius
863 3340 938 3388 esse
963 3316 1148 3413 allectum,

154 3453 377 3538 quamtum,
414 3467 522 3542 quum
553 3441 604 3515 illi
637 3440 820 3541 dixissem,
852 3466 909 3514 me
934 3438 1050 3516 solum
1074 3468 1145 3517 esse

153 3561 261 3637 velle:
298 3591 404 3666 quare
441 3566 534 3640 nolle
557 3593 614 3640 me
640 3567 708 3641 lroc
734 3582 891 3669 tempore
916 3592 995 3640 eam
1019 3569 1068 3643 ad
1092 3593 1144 3642 ms

152 3690 280 3765 venire.
304 3692 493 3794 Putabam,
517 3695 547 3765 si
565 3693 651 3767 nihil
667 3694 936 3794 rescripsissem,
951 3693 1050 3769 illam
1066 3721 1142 3769 cum

152 3830 262 3890 matre
278 3832 476 3895 venturam:
492 3845 586 3893 nunc
604 3845 676 3894 nou
698 3834 795 3920 puto.
812 3819 1018 3921 Apparebat
1034 3822 1140 3917 euim,

151 3941 225 4019 illas
249 3941 364 4018 literas
389 3971 461 4020 non
486 3973 560 4021 esse
585 3948 693 4049 ipsius
711 3948 735 4016 ³.
765 3945 857 4020 Illud
881 3961 1015 4043 auteur,
1047 3942 1137 4053 quod
