2648 4822
106 393 299 458 33313713
445 390 605 443 3333333
631 393 741 444 33331.
1046 397 1082 459 rr

83 528 148 570 cun
170 499 273 568 solido
288 497 436 567 conforto
451 501 477 566 si
491 521 584 591 possa
598 511 741 586 trovare,
756 495 798 565 da
813 496 918 592 quello
933 501 967 567 in
981 497 1088 593 fuori,

83 615 106 681 il
138 611 234 707 quale
264 609 348 678 nella
373 633 429 678 sua
453 608 593 676 efficacia
616 610 641 675 si
665 612 855 676 commisura
878 608 939 678 3113
961 607 1089 678 fornae

84 728 203 813 vigoris
228 723 287 790 che
311 727 329 788 ὲ
351 718 423 787 nell'
432 723 538 788 animo
569 718 602 786 di
634 723 791 789 ciascuno
822 722 1026 814 Imperoeche
1056 747 1088 791 se

82 840 92 902 i
115 838 197 902 santi
222 831 340 918 giudizi
363 828 431 896 313
455 832 637 922 operazioni
661 833 690 895 ci
713 828 821 898 danno
845 830 867 897 11
885 831 966 898 bene
982 857 1000 898 e
1015 831 1088 899 bea·

81 957 222 1011 13333313
244 939 389 1029 3133334,
411 963 478 1008 non
500 965 535 1007 so
559 943 590 1007 io
615 964 705 1007 come
729 937 813 1007 colui
840 939 900 1008 che
922 942 988 1034 puri
1012 963 1088 1009 con·

83 1051 191 1121 solarsi
214 1040 298 1117 delia
321 1053 484 1117 coscienza
506 1049 557 1115 de'
573 1049 693 1137 giudizi
714 1052 900 1140 santissimi,
922 1075 1015 1143 possa
1036 1075 1087 1118 33·

82 1186 131 1227 ser
153 1160 315 1224 chiamato
338 1159 452 1223 misero
476 1180 570 1222 senza
594 1169 736 1247 peccato.
759 1155 784 1220 ii
804 1169 893 1223 certo
907 1181 974 1224 non
990 1155 1086 1226 oredo

82 1275 113 1338 io
139 1271 199 1336 che
228 1271 284 1335 noi
313 1291 371 1360 per
394 1265 466 1355 gola
488 1263 540 1331 de'
565 1268 678 1358 premii
701 1261 784 1331 della
807 1267 936 1333 viatoria
958 1267 1086 1341 abbiam

82 1383 131 1467 gia
153 1378 284 1445 lasciato
308 1374 340 1443 13
362 1379 482 1469 patria,
504 1373 534 1442 le
558 1390 719 1466 sostanze,
741 1378 752 1441 i
776 1369 927 1468 figliuoli,
953 1399 1006 1442 ma
1028 1401 1086 1468 per

81 1492 201 1582 parerci
225 1485 334 1580 quello
357 1511 402 1553 un
424 1489 527 1572 giusto
550 1511 568 1552 e
591 1488 713 1578 pietoso
742 1484 855 1574 ufizio,
885 1481 993 1552 debito
1025 1483 1086 1552 3113

82 1597 274 1691 Repnbblica
297 1594 340 1663 ed
362 1593 423 1662 3113
446 1608 554 1663 nostra
576 1592 707 1680 dignita.
736 1597 761 1661 Ε
785 1608 863 1662 nota
893 1594 998 1663 altresi
1027 1595 1085 1673 che

82 1711 113 1775 in
136 1721 249 1800 questo
272 1705 355 1772 fatto
378 1708 432 1771 noi
455 1728 521 1774 non
541 1728 688 1773 eravamo
712 1718 841 1772 cotanto
857 1705 1011 1794 sciocchi,
1026 1704 1086 1771 che

82 1819 109 1883 ci
132 1818 300 1883 tenessimo
325 1818 358 1880 in
380 1839 456 1880 man
484 1811 515 1881 13
543 1817 680 1883 31110313.
710 1810 736 1880 11
759 1815 893 1907 perche,
922 1839 954 1879 se
984 1813 1086 1902 egli&

82 1939 239 1992 arrenuto
263 1921 371 2016 «psello
394 1923 453 1990 che
479 1904 540 1990 nel*
561 1927 704 1992 metterci
734 1927 769 1990 in
799 1937 910 2017 questa
939 1947 1033 1991 causa
1056 1926 1085 1991 ci

82 2057 253 2127 ponemmo
275 2031 465 2099 neil'nnimo
488 2058 579 2101 come
594 2032 757 2126 possibile,
779 2057 846 2101 non
861 2033 1013 2100 dobbiam
1029 2056 1085 2100 ora

81 2149 143 2212 cosi
167 2141 422 2234 abbandonarci,
438 2148 528 2236 quasi
543 2169 634 2214 come
657 2144 739 2212 fosse
762 2157 918 2212 avrenuto
937 2168 1010 2210 cosa
1025 2143 1085 2211 che

81 2257 133 2320 noi
161 2252 350 2321 coedessimo
378 2278 445 2320 non
474 2268 567 2346 poter
589 2257 653 2321 mai
677 2257 831 2323 arvenire.
855 2252 1011 2347 Adunque
1035 2267 1084 2320 te·

81 2365 204 2450 gnamci
226 2362 320 2429 sermi
343 2365 377 2430 in
400 2361 474 2456 quei
502 2366 692 2432 sentimento
723 2365 783 2430 che
804 2363 837 2430 la
858 2367 989 2451 ragione
1012 2389 1030 2428 e
1053 2361 1085 2428 13

82 2474 179 2537 veritis
201 2474 230 2537 ci
253 2475 422 2565 preserive:
448 2475 515 2541 cioi
539 2473 598 2539 che
621 2498 641 2538 3
664 2476 718 2539 noi
734 2497 801 2538 non
823 2479 841 2538 ὲ
864 2471 1012 2539 richiesto
1028 2471 1086 2538 ob·

83 2575 208 2666 bligarci
233 2579 355 2648 d'altro
379 2583 413 2647 in
437 2594 521 2647 13113
544 2578 680 2669 133113,
703 2582 761 2647 che
777 2579 829 2647 del
844 2605 911 2646 non
926 2605 1008 2647 esser
1023 2577 1085 2648 coi·

83 2688 200 2780 3133311,
223 2714 261 2757 or
285 2688 416 2756 essendo
441 2693 494 2756 noi
518 2692 698 2780 innocenti,
729 2693 803 2778 ogni
830 2688 992 2756 accidente
1015 2687 1085 2756 del-

82 2797 224 2865 1313333
247 2802 312 2864 3113
335 2802 493 2891 portiamo
516 2814 801 2888 rassegnatamente
821 2798 861 2866 ed
879 2803 912 2866 in
928 2824 1016 2890 pace.
1041 2803 1086 2868 Or

82 2920 162 2974 13110
185 2922 299 3000 questo
323 2912 387 2974 mio
412 2908 478 2975 dire
501 2909 610 2976 ferisce
633 2935 715 3002 qua,
740 2911 799 2976 che
817 2909 967 2978 andando
983 2911 1084 2982 anche

81 3015 99 3082 11
121 3016 243 3084 mondo
266 3021 299 3083 in
323 3017 417 3106 sasci,
440 3018 507 3085 sola
529 3045 596 3086 3333
619 3023 703 3086 31311
727 3018 787 3087 (133
803 3034 894 3112 poter
908 3045 1036 3107 rcggere
1051 3045 1087 3092 se

81 3127 257 3194 medesima.
284 3131 338 3193 113
360 3141 465 3217 33313,
492 3155 524 3194 33
548 3127 630 3195 (13113
654 3127 848 3222 Repubblica
871 3134 974 3197 riman
996 3127 1084 3213 nulla

81 3260 262 3328 asperare,
292 3235 369 3327 pigli
399 3236 458 3302 3113
489 3238 594 3329 quello
625 3253 708 3306 stato
739 3241 798 3305 che
825 3238 934 3326 vuole,
957 3253 993 3306 13
1016 3264 1083 3315 non

80 3342 126 3409 dei
148 3350 264 3431 gittare
287 3344 392 3436 quella
415 3372 575 3439 speranza.
601 3352 653 3414 Ma
669 3375 705 3436 3,
720 3347 884 3416 scrivendo
906 3353 937 3415 io
954 3337 1082 3440 questo,
1116 3354 1133 3379 ⁴

79 3454 119 3519 nii
141 3480 313 3522 occorreva
337 3455 518 3546 all'animo,
541 3483 592 3524 me
617 3483 716 3525 essere
733 3457 806 3549 quel
824 3454 996 3525 medesimo
1012 3459 1081 3544 cui,

79 3563 199 3632 arendo
224 3569 257 3631 io
287 3564 513 3634 abbandonato
545 3570 619 3654 ogni
650 3591 820 3660 speranza,
849 3581 886 3633 1ιι
914 3569 958 3631 eri
988 3563 1081 3633 solito

78 3676 325 3766 rimprovcrare,
350 3701 366 3740 e
389 3701 454 3743 non
479 3677 662 3769 sapendomi
687 3676 832 3744 risolvono
862 3704 880 3742 e
903 3673 1079 3743 3303131311-
