2648 4822
1065 266 1073 305 l

447 426 499 474 in
524 423 712 474 arrsronas
1012 401 1087 496 '4¹3

129 528 217 608 hoec,
237 527 281 588 vel
302 527 357 588 itia
377 526 505 588 victoria.
530 526 608 586 Infra
634 529 664 586 in
690 521 796 586 eadem
822 543 868 607 ep.
895 522 990 587 codex
1015 526 1088 592 nec.

99 685 103 696 .
129 636 220 696 habet
239 634 327 696 alteri
345 635 496 696 vintoniam
515 634 622 695 limem

87 763 105 821 7
127 742 326 802 Caesarianos.
352 741 392 800 Et
412 744 453 801 ait
475 737 692 824 propemodum
716 757 819 799 surram
843 740 974 821 aperti,
990 737 1087 821 *Jquasi

125 847 281 929 signifioet,
301 869 362 908 non
383 850 518 927 omnino,
536 858 565 907 et
578 845 677 906 adhue
689 844 882 906 modestiores
895 844 1000 927 fuisse,
1013 846 1087 909 dum

125 967 315 1038 supererant,
335 976 411 1037 quos
430 959 536 1015 timere
555 963 702 1037 poterant.
722 953 769 1014 Io.
790 953 843 1014 Fr.
867 952 995 1015 Gronov.

85 1061 104 1123 8
126 1063 179 1123 Cn.
200 1064 360 1144 Pompeio,
380 1063 481 1142 Magni
502 1059 571 1120 tilio.

85 1190 107 1250 9
127 1169 195 1230 Vox
214 1184 349 1230 maanes
375 1169 458 1229 deest
476 1171 509 1228 in
527 1166 588 1228 zet.
609 1167 642 1228 B.
664 1167 745 1227 Tum
765 1187 858 1250 quom
878 1168 917 1228 sit
935 1166 1013 1230 bena
1038 1187 1085 1230 m·

126 1279 241 1337 vocavit
260 1276 413 1338 Ernestius
432 1295 488 1358 pro
509 1275 585 1334 olim
600 1274 721 1356 vulgato
740 1294 833 1357 quum
853 1275 899 1336 sit.

91 1402 125 1442 ιο
147 1382 221 1442 Cod.
247 1383 366 1444 Mentel.
395 1394 425 1442 et
448 1381 535 1443 Amb.
565 1381 600 1442 15
631 1402 699 1441 cum
729 1380 834 1442 Lamb.
863 1379 1025 1455 debebam
1053 1390 1084 1442 et

127 1488 213 1549 Amb.
235 1510 291 1549 sec.
311 1507 404 1571 quom
422 1524 464 1534 -
483 1490 579 1549 levam
599 1487 731 1550 debeam.

88 1615 118 1655 ιι
143 1596 191 1656 Sic
212 1596 270 1656 hoc
290 1596 370 1679 loco,
390 1607 420 1667 et
440 1596 515 1656 infra
535 1594 601 1654 libri
623 1594 684 1655 fere
705 1616 825 1674 omnes,
837 1605 964 1678 'praeter
983 1593 1085 1656 Grae·

123 1705 204 1762 vium
231 1715 260 1765 et
285 1705 437 1782 Lemaire,
465 1709 516 1785 qui
543 1705 664 1764 vitiosae
690 1703 763 1764 olim
787 1702 905 1764 lectioni
931 1722 1023 1786 quam
1041 1733 1084 1748 -

121 1811 280 1884 absonae,
301 1846 342 1855 -
361 1833 453 1893 qnam
470 1812 671 1892 praestitiam
691 1812 822 1871 insistere
843 1809 955 1870 maluit.

88 1937 121 1975 η
143 1919 223 1995 Quia
243 1920 310 1978 victi
331 1939 442 1978 sumus.
464 1918 580 1978 Manui.

87 2023 121 2083 13
143 2022 284 2084 Officium
310 2027 393 2106 pium
418 2026 460 2085 rei
487 2024 569 2106 publ.
597 2035 627 2086 et
650 2025 809 2108 Pompeio3
837 2044 883 2106 ep.
910 2023 1041 2102 vall,
1066 2041 1076 2082 ι
1181 2010 1187 2031 ’

123 2152 141 2190 a
161 2132 239 2193 med.
553 2136 556 2140 ⁴

87 2240 123 2315 14
143 2240 282 2300 Caesaris.
304 2242 352 2301 De
371 2241 458 2312 aliis,
481 2239 677 2321 Pompeianis.

86 2344 121 2405 15
141 2346 249 2406 Pueris
266 2349 332 2406 tuis

86 2451 121 2513 16
139 2454 194 2536 Ep.
214 2454 329 2514 nxvli
350 2455 411 2514 init.

85 2581 117 2640 ¹7
140 2560 254 2621 Eadem
276 2571 319 2620 est
339 2561 483 2620 sententia
502 2547 536 2618 in
553 2579 599 2641 ep.
619 2557 733 2620 DXVII
754 2560 816 2618 init.
1027 2650 1028 2653 Ἴ

84 2664 118 2728 18
131 2667 208 2729 Vide
219 2688 285 2749 epp.
295 2666 513 2726 CDLxx'ante
522 2663 589 2744 fia,
603 2664 735 2745 CDLXI,
745 2663 881 2745 DLX1X,
895 2661 1079 2724 cDxxxlx

120 2785 150 2834 et
169 2796 245 2855 seq„
265 2785 296 2834 et
315 2773 504 2834 CDLXXIV.
526 2773 641 2833 Manat.

84 2902 121 2965 ¹9
139 2882 278 2942 Fortasse
298 2881 402 2942 melius
421 2883 468 2942 De
487 2882 513 2941 F
514 2882 650 2941 ranciscis
670 2891 700 2940 et
719 2877 882 2940 Lambinus
901 2879 933 2939 in
952 2876 1065 2940 dolore.

80 3007 118 3047 20
139 2988 188 3048 Sic
208 2999 288 3050 recte
308 2989 453 3050 Graevius
472 3009 528 3072 pro
540 2989 631 3071 vprins
650 2990 785 3048 restituit
807 2987 918 3047 Errrest.

80 3115 115 3155 ar
140 3095 189 3156 sie
210 3096 277 3157 edd„
297 3096 372 3156 lens.
393 3107 422 3156 et
442 3096 579 3157 Lambini
593 3117 661 3155 cum
679 3095 826 3155 Schiitzio.
846 3093 946 3174 Vulgo
967 3094 998 3152 ia
1018 3092 1078 3154 hac

119 3204 217 3276 inani,·
239 3224 317 3285 quae
336 3206 515 3287 praepositio
536 3202 662 3262 insolens
683 3213 726 3263 est
747 3223 814 3262 cum
829 3201 921 3262 verbo
941 3198 1076 3261 delector.

79 3327 116 3367 aa
137 3309 316 3371 Praesertim
336 3332 430 3392 quum
450 3330 530 3370 mors
551 3330 669 3370 sensum
689 3329 808 3369 omnem
832 3308 947 3368 auferat
972 3325 1077 3366 earum

117 3435 233 3498 rerum,
253 3439 331 3500 quae
352 3416 491 3478 accidunt
510 3418 541 3477 in
560 3419 628 3476 vita
642 3415 735 3497 Infra,
755 3426 785 3476 et
798 3436 844 3496 ep.
857 3411 989 3474 Dxxlv
1001 3421 1076 3473 extr.

118 3520 302 3597 Sinonem,
316 3546 404 3585 sensu
418 3526 501 3584 omni
512 3524 628 3584 cambo.
643 3521 704 3583 Sed
717 3520 785 3583 vide
799 3520 838 3582 ad
856 3541 903 3604 ep.
915 3516 1077 3599 DLVIM

118 3637 177 3688 not.
199 3627 248 3690 28.

79 3731 117 3789 23
137 3733 196 3792 Zel.
215 3735 240 3795 B
261 3746 290 3795 et
311 3734 379 3796 edet
399 3757 445 3819 pr.
465 3734 597 3797 Adiuvat
615 3757 670 3794 nae.

78 3838 117 3914 πά
137 3839 310 3925 Pompeius;
331 3843 355 3901 ii
373 3843 442 3917 viri,
463 3842 521 3905 vid.
542 3841 648 3925 adep.
669 3839 890 3903 cnxxxvm.

79 3944 122 4006 25
139 3947 209 4027 Quo
229 3951 357 4032 pertinet
376 3949 449 4011 iilud
468 3951 598 4013 Senecae
619 3972 667 4034 ep.
688 3949 774 4011 xxtl
788 3947 860 4028 (Ed,
874 3946 1006 4026 Erasini,
1019 3945 1075 4006 Ba·
