2648 4822
1076 244 1079 253 '
1114 254 1122 283 s

504 444 673 492 missam
700 441 807 490 nxxu.
938 444 968 492 a.
986 442 1021 495 v.
1040 445 1067 492 c.
1081 403 1136 508 ⁴708

589 671 743 744 Dxxll.
885 713 938 768 (Aa
953 712 1006 758 nn.
1023 713 1079 773 xv,
1097 715 1139 770 rs)

168 851 388 930 Argumentum.
409 849 560 932 Epistulas
581 850 674 909 Cassii
695 851 848 928 requirens
870 850 987 909 iocatur
1001 852 1031 908 in
1045 852 1162 931 opinio-

207 979 259 1016 nes
279 958 457 1039 Epicureas,
487 957 524 1016 de
556 957 721 1036 imaginum
753 958 922 1014 incursione
954 967 984 1016 et
1010 958 1041 1015 in
1063 959 1162 1039 ipsum

209 1065 343 1125 Cassium
363 1064 530 1146 Epicureae
551 1061 760 1144 philosophiae
781 1061 955 1122 studiosum.

297 1323 350 1376 Ser.
368 1325 463 1376 Romae
480 1327 511 1378 A.
529 1322 562 1376 V.
581 1321 608 1375 C.
627 1321 779 1388 nccvtlt,
797 1336 882 1373 mense
901 1321 1029 1372 ianuario.

328 1554 371 1617 111.
396 1556 432 1618 T.
457 1551 600 1617 CICERO
626 1553 659 1616 C.
684 1552 821 1617 CASSIO
847 1551 877 1615 S.
902 1552 935 1614 P.
959 1551 995 1614 D.

213 1795 305 1866 Puto
332 1808 366 1864 te
392 1792 607 1893 suppuderc,
634 1820 740 1892 quum
767 1791 852 1863 hacc
879 1793 979 1864 tertia
1001 1792 1071 1862 iam
1090 1793 1158 1890 epi·

164 1919 252 1991 stola
286 1934 365 1991 ante
399 1920 611 2018 oppresserit
630 1935 654 2015 ¹,
686 1944 790 2018 quam
825 1933 860 1989 tu
895 1916 1066 2015 syllabam
1099 1931 1157 1988 aut

163 2044 307 2117 literam.
342 2045 411 2116 Sed
444 2069 518 2116 non
551 2070 665 2141 urgeo.
691 2046 884 2140 Longiores
918 2045 1011 2114 enim
1037 2070 1158 2142 exspe-

164 2169 284 2267 ctabo,
308 2170 364 2242 vcl
390 2172 507 2269 potius
533 2171 675 2267 exigam.
716 2172 812 2267 Ego,
838 2170 866 2240 si
893 2194 1030 2268 semper
1055 2169 1158 2240 habe·

130 2291 140 2306 ³
163 2323 257 2393 rem,
282 2297 337 2368 cui
365 2296 500 2394 darem,
534 2295 589 2368 vel
623 2309 738 2368 ternas
772 2296 809 2366 in
834 2292 919 2367 hora
946 2294 1074 2367 darem.
1099 2294 1158 2368 Fit

162 2423 255 2495 euim
280 2423 398 2496 nescio
416 2422 511 2525 qui2,
528 2437 568 2494 ut
587 2423 684 2523 quasi
711 2447 829 2494 coram
855 2421 977 2494 adesse
1002 2421 1155 2519 videare,

161 2576 268 2649 quum
293 2550 407 2622 scribo
434 2549 565 2649 aliquid
581 2552 595 2598 ³
621 2549 666 2621 ad
693 2563 743 2621 te:
762 2574 875 2648 neque
892 2548 930 2621 id
947 2551 1010 2617 κατ’
1028 2549 1156 2617 εἰδώλων

159 2680 337 2766 φαντααιάς7
363 2688 403 2745 ut
428 2673 551 2745 dicunt
577 2675 626 2744 tui
652 2674 755 2744 amici
780 2675 865 2747 novi
881 2673 915 2769 43
944 2672 1003 2772 qui
1028 2686 1156 2771 putant

159 2798 262 2869 etiam
289 2799 475 2879 διαναητικάς
501 2803 664 2882 φαντασίας
691 2800 836 2896 spectris
863 2800 1044 2871 Catianis⁵
1066 2800 1156 2872 exci-

159 2923 234 2994 tari.
260 2921 366 3020 Nam,
391 2947 435 2993 ne
461 2935 496 2994 te
521 2922 645 3020 fugiat,
672 2924 818 2995 Catius⁶
835 2922 998 3021 Insuber,
1023 2925 1154 3023 Epicu·

158 3072 254 3144 reus,
271 3042 329 3148 qui
347 3073 459 3146 nuper
475 3060 528 3119 est
544 3062 719 3145 mortuus,
735 3074 823 3150 quae
841 3048 898 3119 ille
916 3049 1116 3145 Gargettius
1128 3066 1153 3146 ⁷,

158 3173 264 3244 etiam
290 3186 370 3244 aute
394 3152 634 3271 Democritus,
651 3176 770 3268 εἴδωλα,
797 3172 854 3245 hic
879 3187 1016 3274 spectra
1041 3177 1152 3247 nomi-

157 3310 227 3369 nat.
253 3298 316 3371 His
342 3313 455 3370 autem
483 3301 629 3399 spectris
663 3301 798 3373 etiamsi
824 3297 915 3372 oculi
942 3300 1079 3398 possint
1103 3299 1152 3371 fe·

156 3423 233 3521 u'ri,
265 3423 361 3524 quod
392 3425 434 3496 iis
467 3425 523 3497 vel
554 3427 631 3524 ipsa
664 3439 850 3497 accurrunt
866 3425 898 3495 8:
931 3425 1066 3496 animm
1093 3425 1151 3526 qui

155 3550 283 3648 possit,
308 3575 372 3647 ogo
398 3576 470 3622 non
496 3551 609 3624 video.
642 3552 779 3625 Doceas
804 3564 843 3622 tu
869 3577 925 3623 me
951 3549 1151 3649 oportebit,

154 3701 261 3774 quum
293 3675 407 3748 salvus
445 3679 602 3776 veneris,
640 3678 677 3747 in
709 3702 832 3748 ineane
864 3690 1040 3776 potestate
1073 3678 1150 3748 sit9

152 3814 328 3899 spectrum
354 3816 470 3901 tuum,
502 3815 565 3902 ut,
597 3801 741 3874 simulac
773 3802 859 3874 mihi
886 3800 1080 3875 collibitum
1104 3802 1150 3874 sit

152 3924 196 3998 de
221 3940 255 4000 te
281 3929 450 4028 cogitare,
474 3928 562 4003 illud
587 3943 746 4002 accurrat
761 3945 809 4002 ¹⁰:
826 3954 939 4030 neque
965 3927 1080 4002 solum
1106 3926 1149 4000 dc
