<?xml version="1.0" encoding="UTF-8"?>
<!DOCTYPE html PUBLIC "-//W3C//DTD XHTML 1.0 Transitional//EN"
    "http://www.w3.org/TR/xhtml1/DTD/xhtml1-transitional.dtd">
<html xmlns="http://www.w3.org/1999/xhtml" xml:lang="en" lang="en">
 <head>
  <title>
</title>
<meta http-equiv="Content-Type" content="text/html;charset=utf-8" />
  <meta name='ocr-system' content='tesseract 3.04.00' />
  <meta name='ocr-capabilities' content='ocr_page ocr_carea ocr_par ocr_line ocrx_word'/>
</head>
<body>
  <div class='ocr_page' id='page_1' title='image "./mtulliiciceroni11cicegoog/mtulliiciceroni11cicegoog_0157.png"; bbox 0 0 2648 4822; ppageno 0'>
   <div class='ocr_carea' id='block_1_1' title="bbox 251 411 1252 1265">
    <p class='ocr_par' dir='ltr' id='par_1_1' title="bbox 251 411 1252 1265">
     <span class='ocr_line' id='line_1_1' title="bbox 256 411 1223 506; baseline -0.002 -21"><span class='ocrx_word' id='word_1_1' title='bbox 256 411 326 491; x_wconf 74' lang='lat'><strong>150</strong></span> <span class='ocrx_word' id='word_1_2' title='bbox 557 432 725 482; x_wconf 74' lang='lat' dir='ltr'><strong>errarunt</strong></span> <span class='ocrx_word' id='word_1_3' title='bbox 752 432 853 506; x_wconf 77' lang='lat' dir='ltr'><strong>onix,</strong></span> <span class='ocrx_word' id='word_1_4' title='bbox 878 431 955 480; x_wconf 83' lang='lat' dir='ltr'><strong>nnx.</strong></span> <span class='ocrx_word' id='word_1_5' title='bbox 1026 428 1059 480; x_wconf 79' lang='lat' dir='ltr'><strong>s.</strong></span> <span class='ocrx_word' id='word_1_6' title='bbox 1075 431 1157 482; x_wconf 65' lang='lat' dir='ltr'><strong>nn</strong></span> <span class='ocrx_word' id='word_1_7' title='bbox 1176 428 1223 496; x_wconf 65' lang='lat' dir='ltr'><strong>qn</strong></span> 
     </span>
     <span class='ocr_line' id='line_1_2' title="bbox 253 534 1250 634; baseline -0.001 -24"><span class='ocrx_word' id='word_1_8' title='bbox 253 538 399 634; x_wconf 60' lang='lat' dir='ltr'><strong>tinem</strong></span> <span class='ocrx_word' id='word_1_9' title='bbox 436 535 552 608; x_wconf 87' lang='lat' dir='ltr'><strong>omnin</strong></span> <span class='ocrx_word' id='word_1_10' title='bbox 589 535 619 607; x_wconf 89' lang='lat' dir='ltr'><strong>si</strong></span> <span class='ocrx_word' id='word_1_11' title='bbox 643 534 859 632; x_wconf 76' lang='lat' dir='ltr'><strong>interierint,</strong></span> <span class='ocrx_word' id='word_1_12' title='bbox 895 556 1004 634; x_wconf 89' lang='lat' dir='ltr'><strong>quum</strong></span> <span class='ocrx_word' id='word_1_13' title='bbox 1027 534 1250 633; x_wconf 76' lang='lat' dir='ltr'><strong>superstitem</strong></span> 
     </span>
     <span class='ocr_line' id='line_1_3' title="bbox 253 657 1252 761; baseline -0.002 -25"><span class='ocrx_word' id='word_1_14' title='bbox 253 675 290 736; x_wconf 84' lang='lat' dir='ltr'><strong>te</strong></span> <span class='ocrx_word' id='word_1_15' title='bbox 314 685 389 734; x_wconf 85' lang='lat' dir='ltr'><strong>esse</strong></span> <span class='ocrx_word' id='word_1_16' title='bbox 413 661 461 734; x_wconf 86' lang='lat' dir='ltr'><strong>nei</strong></span> <span class='ocrx_word' id='word_1_17' title='bbox 487 659 670 761; x_wconf 88' lang='lat' dir='ltr'><strong>publicae,</strong></span> <span class='ocrx_word' id='word_1_18' title='bbox 697 685 742 733; x_wconf 91' lang='lat' dir='ltr'><strong>ne</strong></span> <span class='ocrx_word' id='word_1_19' title='bbox 767 660 798 732; x_wconf 90' lang='lat' dir='ltr'><strong>si</strong></span> <span class='ocrx_word' id='word_1_20' title='bbox 820 659 926 732; x_wconf 85' lang='lat' dir='ltr'><strong>liccat</strong></span> <span class='ocrx_word' id='word_1_21' title='bbox 950 657 1116 761; x_wconf 83' lang='lat' dir='ltr'><strong>quidem,</strong></span> <span class='ocrx_word' id='word_1_22' title='bbox 1148 659 1252 761; x_wconf 77' lang='lat' dir='ltr'><strong>veiis,</strong></span> 
     </span>
     <span class='ocr_line' id='line_1_4' title="bbox 252 774 1251 886; baseline -0.003 -26"><span class='ocrx_word' id='word_1_23' title='bbox 252 785 430 862; x_wconf 79' lang='lat' dir='ltr'><strong>ferendam</strong></span> <span class='ocrx_word' id='word_1_24' title='bbox 456 810 530 860; x_wconf 88' lang='lat' dir='ltr'><strong>esse</strong></span> <span class='ocrx_word' id='word_1_25' title='bbox 555 785 731 860; x_wconf 73' lang='lat' dir='ltr'><strong>somonam</strong></span> <span class='ocrx_word' id='word_1_26' title='bbox 749 801 791 884; x_wconf 86' lang='lat'><strong>¹¹,</strong></span> <span class='ocrx_word' id='word_1_27' title='bbox 815 774 1017 885; x_wconf 87' lang='lat' dir='ltr'><strong>praesertim</strong></span> <span class='ocrx_word' id='word_1_28' title='bbox 1044 811 1134 886; x_wconf 88' lang='lat' dir='ltr'><strong>quae</strong></span> <span class='ocrx_word' id='word_1_29' title='bbox 1159 785 1251 859; x_wconf 86' lang='lat' dir='ltr'><strong>absit</strong></span> 
     </span>
     <span class='ocr_line' id='line_1_5' title="bbox 253 907 1251 1013; baseline -0.003 -27"><span class='ocrx_word' id='word_1_30' title='bbox 253 937 274 985; x_wconf 89' lang='lat' dir='ltr'><strong>a</strong></span> <span class='ocrx_word' id='word_1_31' title='bbox 299 911 411 1013; x_wconf 87' lang='lat' dir='ltr'><strong>culpa.</strong></span> <span class='ocrx_word' id='word_1_32' title='bbox 438 908 508 986; x_wconf 89' lang='lat' dir='ltr'><strong>Sed</strong></span> <span class='ocrx_word' id='word_1_33' title='bbox 532 911 619 984; x_wconf 89' lang='lat' dir='ltr'><strong>haec</strong></span> <span class='ocrx_word' id='word_1_34' title='bbox 644 911 822 984; x_wconf 87' lang='lat' dir='ltr'><strong>hacteuus.</strong></span> <span class='ocrx_word' id='word_1_35' title='bbox 840 907 896 983; x_wconf 83' lang='lat' dir='ltr'><strong>Tu</strong></span> <span class='ocrx_word' id='word_1_36' title='bbox 922 908 1027 983; x_wconf 85' lang='lat' dir='ltr'><strong>velim</strong></span> <span class='ocrx_word' id='word_1_37' title='bbox 1053 910 1185 983; x_wconf 81' lang='lat' dir='ltr'>scribas</span> <span class='ocrx_word' id='word_1_38' title='bbox 1206 908 1251 983; x_wconf 89' lang='lat' dir='ltr'><strong>ad</strong></span> 
     </span>
     <span class='ocr_line' id='line_1_6' title="bbox 252 1035 1250 1140; baseline -0.008 -24"><span class='ocrx_word' id='word_1_39' title='bbox 252 1037 437 1140; x_wconf 42' lang='lat' dir='ltr'><strong>meqqnid</strong></span> <span class='ocrx_word' id='word_1_40' title='bbox 462 1063 567 1137; x_wconf 81' lang='lat' dir='ltr'><strong>agas,</strong></span> <span class='ocrx_word' id='word_1_41' title='bbox 597 1051 634 1110; x_wconf 84' lang='lat' dir='ltr'><strong>et</strong></span> <span class='ocrx_word' id='word_1_42' title='bbox 663 1036 725 1110; x_wconf 91' lang='lat' dir='ltr'><strong>ubi</strong></span> <span class='ocrx_word' id='word_1_43' title='bbox 749 1035 885 1110; x_wconf 82' lang='lat' dir='ltr'><strong>futurus</strong></span> <span class='ocrx_word' id='word_1_44' title='bbox 910 1037 972 1110; x_wconf 89' lang='lat' dir='ltr'><strong>sis:</strong></span> <span class='ocrx_word' id='word_1_45' title='bbox 1006 1049 1062 1133; x_wconf 85' lang='lat' dir='ltr'><strong>ut,</strong></span> <span class='ocrx_word' id='word_1_46' title='bbox 1094 1049 1157 1108; x_wconf 87' lang='lat' dir='ltr'><strong>aut</strong></span> <span class='ocrx_word' id='word_1_47' title='bbox 1182 1061 1250 1137; x_wconf 91' lang='lat' dir='ltr'><strong>quo</strong></span> 
     </span>
     <span class='ocr_line' id='line_1_7' title="bbox 251 1162 1110 1265; baseline -0.005 -29"><span class='ocrx_word' id='word_1_48' title='bbox 251 1162 422 1262; x_wconf 65' lang='lat' dir='ltr'><strong>emiliam,</strong></span> <span class='ocrx_word' id='word_1_49' title='bbox 445 1178 507 1238; x_wconf 87' lang='lat' dir='ltr'><strong>aut</strong></span> <span class='ocrx_word' id='word_1_50' title='bbox 531 1190 602 1265; x_wconf 93' lang='lat' dir='ltr'><strong>quo</strong></span> <span class='ocrx_word' id='word_1_51' title='bbox 627 1164 767 1238; x_wconf 85' lang='lat' dir='ltr'><strong>veniam</strong></span> <span class='ocrx_word' id='word_1_52' title='bbox 786 1178 826 1262; x_wconf 84' lang='lat'><strong>¹²,</strong></span> <span class='ocrx_word' id='word_1_53' title='bbox 852 1163 941 1236; x_wconf 89' lang='lat' dir='ltr'><strong>scire</strong></span> <span class='ocrx_word' id='word_1_54' title='bbox 966 1163 1110 1261; x_wconf 90' lang='lat' dir='ltr'><strong>possim.</strong></span> 
     </span>
    </p>
   </div>
   <div class='ocr_carea' id='block_1_2' title="bbox 252 1414 1228 1671">
    <p class='ocr_par' dir='ltr' id='par_1_2' title="bbox 252 1414 1228 1671">
     <span class='ocr_line' id='line_1_8' title="bbox 701 1414 1228 1521; baseline 0.008 -23"><span class='ocrx_word' id='word_1_55' title='bbox 701 1414 813 1521; x_wconf 61' lang='lat' dir='ltr'><strong>ULX·</strong></span> <span class='ocrx_word' id='word_1_56' title='bbox 922 1451 1228 1516; x_wconf 62' lang='lat' dir='ltr'><strong>(tartareusque.)</strong></span> 
     </span>
     <span class='ocr_line' id='line_1_9' title="bbox 252 1588 967 1671; baseline 0.003 -21"><span class='ocrx_word' id='word_1_57' title='bbox 252 1590 471 1671; x_wconf 72' lang='lat' dir='ltr'><em>Argumentum</em></span> <span class='ocrx_word' id='word_1_58' title='bbox 493 1592 540 1651; x_wconf 91' lang='lat' dir='ltr'><strong>De</strong></span> <span class='ocrx_word' id='word_1_59' title='bbox 560 1590 631 1650; x_wconf 85' lang='lat' dir='ltr'><strong>fano</strong></span> <span class='ocrx_word' id='word_1_60' title='bbox 652 1589 772 1651; x_wconf 85' lang='lat' dir='ltr'><strong>Tulliae</strong></span> <span class='ocrx_word' id='word_1_61' title='bbox 792 1588 967 1652; x_wconf 82' lang='lat' dir='ltr'><strong>extruendo.</strong></span> 
     </span>
    </p>
   </div>
   <div class='ocr_carea' id='block_1_3' title="bbox 377 1785 1128 1858">
    <p class='ocr_par' dir='ltr' id='par_1_3' title="bbox 377 1785 1128 1858">
     <span class='ocr_line' id='line_1_10' title="bbox 377 1785 1128 1858; baseline -0.003 -19"><span class='ocrx_word' id='word_1_62' title='bbox 377 1787 432 1840; x_wconf 85' lang='lat' dir='ltr'><strong>Sor.</strong></span> <span class='ocrx_word' id='word_1_63' title='bbox 449 1787 477 1839; x_wconf 91' lang='lat' dir='ltr'><strong>in</strong></span> <span class='ocrx_word' id='word_1_64' title='bbox 496 1787 594 1840; x_wconf 77' lang='lat' dir='ltr'><strong>Antiati</strong></span> <span class='ocrx_word' id='word_1_65' title='bbox 611 1787 643 1840; x_wconf 77' lang='lat' dir='ltr'><strong>A.</strong></span> <span class='ocrx_word' id='word_1_66' title='bbox 661 1785 695 1838; x_wconf 89' lang='lat' dir='ltr'><strong>V.</strong></span> <span class='ocrx_word' id='word_1_67' title='bbox 715 1785 744 1840; x_wconf 79' lang='lat' dir='ltr'><strong>C.</strong></span> <span class='ocrx_word' id='word_1_68' title='bbox 763 1785 910 1853; x_wconf 81' lang='lat' dir='ltr'>DCCVHI,</span> <span class='ocrx_word' id='word_1_69' title='bbox 930 1803 1018 1841; x_wconf 82' lang='lat' dir='ltr'><strong>mense</strong></span> <span class='ocrx_word' id='word_1_70' title='bbox 1036 1788 1128 1858; x_wconf 78' lang='lat' dir='ltr'><strong>Apriii.</strong></span> 
     </span>
    </p>
   </div>
   <div class='ocr_carea' id='block_1_4' title="bbox 566 1975 942 2043">
    <p class='ocr_par' dir='ltr' id='par_1_4' title="bbox 566 1975 942 2043">
     <span class='ocr_line' id='line_1_11' title="bbox 566 1975 942 2043; baseline -0.005 -1"><span class='ocrx_word' id='word_1_71' title='bbox 566 1975 711 2043; x_wconf 78' lang='lat' dir='ltr'>CICERO</span> <span class='ocrx_word' id='word_1_72' title='bbox 736 1977 886 2043; x_wconf 80' lang='lat' dir='ltr'>ATTICO</span> <span class='ocrx_word' id='word_1_73' title='bbox 911 1978 942 2041; x_wconf 90' lang='lat' dir='ltr'><strong>S.</strong></span> 
     </span>
    </p>
   </div>
   <div class='ocr_carea' id='block_1_5' title="bbox 246 2163 1293 3903">
    <p class='ocr_par' dir='ltr' id='par_1_5' title="bbox 246 2163 1293 3903">
     <span class='ocr_line' id='line_1_12' title="bbox 299 2163 1253 2268; baseline 0.002 -30"><span class='ocrx_word' id='word_1_74' title='bbox 299 2164 500 2266; x_wconf 81' lang='lat' dir='ltr'><strong>Antequam</strong></span> <span class='ocrx_word' id='word_1_75' title='bbox 535 2191 557 2238; x_wconf 93' lang='lat' dir='ltr'><strong>a</strong></span> <span class='ocrx_word' id='word_1_76' title='bbox 585 2179 621 2239; x_wconf 85' lang='lat' dir='ltr'><strong>te</strong></span> <span class='ocrx_word' id='word_1_77' title='bbox 652 2165 812 2266; x_wconf 84' lang='lat' dir='ltr'>proxime</span> <span class='ocrx_word' id='word_1_78' title='bbox 845 2163 989 2240; x_wconf 85' lang='lat' dir='ltr'><strong>discessi</strong></span> <span class='ocrx_word' id='word_1_79' title='bbox 1007 2179 1034 2263; x_wconf 85' lang='lat'><strong>¹,</strong></span> <span class='ocrx_word' id='word_1_80' title='bbox 1063 2190 1253 2268; x_wconf 79' lang='lat' dir='ltr'><strong>numquam</strong></span> 
     </span>
     <span class='ocr_line' id='line_1_13' title="bbox 251 2286 1254 2394; baseline -0.003 -27"><span class='ocrx_word' id='word_1_81' title='bbox 251 2291 339 2367; x_wconf 83' lang='lat' dir='ltr'><strong>mihi</strong></span> <span class='ocrx_word' id='word_1_82' title='bbox 363 2286 461 2367; x_wconf 80' lang='lat' dir='ltr'><strong>v&#39;enit</strong></span> <span class='ocrx_word' id='word_1_83' title='bbox 484 2291 522 2365; x_wconf 87' lang='lat' dir='ltr'><strong>in</strong></span> <span class='ocrx_word' id='word_1_84' title='bbox 546 2304 718 2392; x_wconf 79' lang='lat' dir='ltr'><strong>mentem,</strong></span> <span class='ocrx_word' id='word_1_85' title='bbox 753 2316 824 2394; x_wconf 89' lang='lat' dir='ltr'><strong>quo</strong></span> <span class='ocrx_word' id='word_1_86' title='bbox 856 2291 969 2394; x_wconf 86' lang='lat' dir='ltr'><strong>ploa²</strong></span> <span class='ocrx_word' id='word_1_87' title='bbox 997 2293 1192 2366; x_wconf 88' lang='lat' dir='ltr'><strong>insumtum</strong></span> <span class='ocrx_word' id='word_1_88' title='bbox 1215 2292 1254 2365; x_wconf 91' lang='lat' dir='ltr'><strong>in</strong></span> 
     </span>
     <span class='ocr_line' id='line_1_14' title="bbox 255 2405 1293 2521; baseline -0.002 -29"><span class='ocrx_word' id='word_1_89' title='bbox 255 2433 524 2503; x_wconf 87' lang='lat' dir='ltr'><strong>monumentum</strong></span> <span class='ocrx_word' id='word_1_90' title='bbox 549 2433 661 2518; x_wconf 85' lang='lat' dir='ltr'><strong>essct,</strong></span> <span class='ocrx_word' id='word_1_91' title='bbox 686 2443 791 2520; x_wconf 90' lang='lat' dir='ltr'><strong>quam</strong></span> <span class='ocrx_word' id='word_1_92' title='bbox 815 2418 935 2492; x_wconf 87' lang='lat' dir='ltr'><strong>nescio</strong></span> <span class='ocrx_word' id='word_1_93' title='bbox 961 2416 1063 2521; x_wconf 85' lang='lat' dir='ltr'><strong>qnid,</strong></span> <span class='ocrx_word' id='word_1_94' title='bbox 1088 2417 1186 2519; x_wconf 91' lang='lat' dir='ltr'><strong>quod</strong></span> <span class='ocrx_word' id='word_1_95' title='bbox 1209 2416 1255 2491; x_wconf 89' lang='lat' dir='ltr'><strong>le·</strong></span> <span class='ocrx_word' id='word_1_96' title='bbox 1288 2405 1293 2417; x_wconf 52' lang='lat'>⁸</span> 
     </span>
     <span class='ocr_line' id='line_1_15' title="bbox 249 2542 1251 2644; baseline -0.005 -24"><span class='ocrx_word' id='word_1_97' title='bbox 249 2545 321 2644; x_wconf 77' lang='lat' dir='ltr'><strong>ge³</strong></span> <span class='ocrx_word' id='word_1_98' title='bbox 347 2545 570 2644; x_wconf 83' lang='lat' dir='ltr'><strong>conceditur,</strong></span> <span class='ocrx_word' id='word_1_99' title='bbox 595 2544 815 2618; x_wconf 83' lang='lat' dir='ltr'><strong>tantumdem</strong></span> <span class='ocrx_word' id='word_1_100' title='bbox 835 2542 969 2644; x_wconf 88' lang='lat' dir='ltr'><strong>populo</strong></span> <span class='ocrx_word' id='word_1_101' title='bbox 988 2542 1144 2619; x_wconf 82' lang='lat' dir='ltr'><strong>dandum</strong></span> <span class='ocrx_word' id='word_1_102' title='bbox 1162 2568 1251 2616; x_wconf 87' lang='lat' dir='ltr'><strong>esse:</strong></span> 
     </span>
     <span class='ocr_line' id='line_1_16' title="bbox 250 2669 1252 2771; baseline -0.003 -28"><span class='ocrx_word' id='word_1_103' title='bbox 250 2669 349 2769; x_wconf 90' lang='lat' dir='ltr'><strong>quod</strong></span> <span class='ocrx_word' id='word_1_104' title='bbox 379 2696 453 2744; x_wconf 92' lang='lat' dir='ltr'><strong>non</strong></span> <span class='ocrx_word' id='word_1_105' title='bbox 487 2697 615 2769; x_wconf 84' lang='lat' dir='ltr'><strong>magno</strong></span> <span class='ocrx_word' id='word_1_106' title='bbox 650 2669 789 2771; x_wconf 74' lang='lat' dir='ltr'><strong>operei</strong></span> <span class='ocrx_word' id='word_1_107' title='bbox 814 2683 994 2769; x_wconf 85' lang='lat' dir='ltr'><strong>moveret,</strong></span> <span class='ocrx_word' id='word_1_108' title='bbox 1017 2669 1108 2769; x_wconf 89' lang='lat' dir='ltr'><strong>nisi,</strong></span> <span class='ocrx_word' id='word_1_109' title='bbox 1133 2669 1252 2743; x_wconf 89' lang='lat' dir='ltr'><strong>nescio</strong></span> 
     </span>
     <span class='ocr_line' id='line_1_17' title="bbox 250 2793 1251 2896; baseline 0.004 -32"><span class='ocrx_word' id='word_1_110' title='bbox 250 2793 450 2893; x_wconf 83' lang='lat' dir='ltr'><strong>quomodo,</strong></span> <span class='ocrx_word' id='word_1_111' title='bbox 471 2800 584 2889; x_wconf 69' lang='grc' dir='ltr'><strong><em>ἀλόγως</em></strong></span> <span class='ocrx_word' id='word_1_112' title='bbox 609 2795 774 2896; x_wconf 80' lang='lat' dir='ltr'><strong>fortasse,</strong></span> <span class='ocrx_word' id='word_1_113' title='bbox 807 2796 936 2870; x_wconf 90' lang='lat' dir='ltr'><strong>nollem</strong></span> <span class='ocrx_word' id='word_1_114' title='bbox 969 2794 1058 2868; x_wconf 92' lang='lat' dir='ltr'><strong>illud</strong></span> <span class='ocrx_word' id='word_1_115' title='bbox 1090 2793 1162 2869; x_wconf 84' lang='lat' dir='ltr'><strong>ullo</strong></span> <span class='ocrx_word' id='word_1_116' title='bbox 1188 2820 1251 2868; x_wconf 91' lang='lat' dir='ltr'><strong>no·</strong></span> 
     </span>
     <span class='ocr_line' id='line_1_18' title="bbox 249 2918 1253 3022; baseline 0.003 -33"><span class='ocrx_word' id='word_1_117' title='bbox 249 2918 363 3018; x_wconf 75' lang='lat' dir='ltr'><strong>mine,</strong></span> <span class='ocrx_word' id='word_1_118' title='bbox 387 2921 455 2992; x_wconf 89' lang='lat' dir='ltr'><strong>nisi</strong></span> <span class='ocrx_word' id='word_1_119' title='bbox 480 2920 589 3021; x_wconf 81' lang='lat' dir='ltr'><strong>fani⁵‚</strong></span> <span class='ocrx_word' id='word_1_120' title='bbox 614 2922 791 3022; x_wconf 82' lang='lat' dir='ltr'><strong>appellari.</strong></span> <span class='ocrx_word' id='word_1_121' title='bbox 817 2922 925 3015; x_wconf 90' lang='lat' dir='ltr'><strong>Quod</strong></span> <span class='ocrx_word' id='word_1_122' title='bbox 950 2923 980 2995; x_wconf 89' lang='lat' dir='ltr'><strong>si</strong></span> <span class='ocrx_word' id='word_1_123' title='bbox 1003 2920 1181 3019; x_wconf 84' lang='lat' dir='ltr'><strong>volumus,</strong></span> <span class='ocrx_word' id='word_1_124' title='bbox 1197 2947 1253 2993; x_wconf 86' lang='lat' dir='ltr'><strong>ve·</strong></span> 
     </span>
     <span class='ocr_line' id='line_1_19' title="bbox 251 3045 1254 3150; baseline 0.003 -34"><span class='ocrx_word' id='word_1_125' title='bbox 251 3069 356 3145; x_wconf 81' lang='lat' dir='ltr'><strong>reor,</strong></span> <span class='ocrx_word' id='word_1_126' title='bbox 385 3072 432 3119; x_wconf 88' lang='lat' dir='ltr'><strong>ne</strong></span> <span class='ocrx_word' id='word_1_127' title='bbox 458 3050 595 3150; x_wconf 84' lang='lat' dir='ltr'><strong>assequi</strong></span> <span class='ocrx_word' id='word_1_128' title='bbox 621 3074 694 3124; x_wconf 89' lang='lat' dir='ltr'><strong>non</strong></span> <span class='ocrx_word' id='word_1_129' title='bbox 719 3051 912 3150; x_wconf 84' lang='lat' dir='ltr'><strong>possimus,</strong></span> <span class='ocrx_word' id='word_1_130' title='bbox 943 3049 1010 3121; x_wconf 89' lang='lat' dir='ltr'><strong>nisi</strong></span> <span class='ocrx_word' id='word_1_131' title='bbox 1043 3060 1180 3120; x_wconf 85' lang='lat' dir='ltr'><strong>mutato</strong></span> <span class='ocrx_word' id='word_1_132' title='bbox 1206 3045 1254 3119; x_wconf 78' lang='lat' dir='ltr'><strong>io</strong></span> 
     </span>
     <span class='ocr_line' id='line_1_20' title="bbox 248 3171 1253 3278; baseline 0 -35"><span class='ocrx_word' id='word_1_133' title='bbox 248 3194 291 3244; x_wconf 90' lang='lat' dir='ltr'><strong>co</strong></span> <span class='ocrx_word' id='word_1_134' title='bbox 309 3174 335 3243; x_wconf 86' lang='lat'><strong>⁶.</strong></span> <span class='ocrx_word' id='word_1_135' title='bbox 360 3172 440 3246; x_wconf 91' lang='lat' dir='ltr'><strong>Hoc</strong></span> <span class='ocrx_word' id='word_1_136' title='bbox 466 3174 567 3275; x_wconf 87' lang='lat' dir='ltr'><strong>quale</strong></span> <span class='ocrx_word' id='word_1_137' title='bbox 593 3176 655 3275; x_wconf 84' lang='lat' dir='ltr'><strong>sit,</strong></span> <span class='ocrx_word' id='word_1_138' title='bbox 680 3202 827 3278; x_wconf 79' lang='lat' dir='ltr'><strong>quaeso,</strong></span> <span class='ocrx_word' id='word_1_139' title='bbox 852 3173 1045 3248; x_wconf 87' lang='lat' dir='ltr'><strong>considera.</strong></span> <span class='ocrx_word' id='word_1_140' title='bbox 1071 3172 1163 3247; x_wconf 90' lang='lat' dir='ltr'><strong>Nam</strong></span> <span class='ocrx_word' id='word_1_141' title='bbox 1188 3171 1253 3245; x_wconf 87' lang='lat' dir='ltr'><strong>etsi</strong></span> 
     </span>
     <span class='ocr_line' id='line_1_21' title="bbox 247 3296 1251 3402; baseline 0.002 -35"><span class='ocrx_word' id='word_1_142' title='bbox 247 3296 363 3370; x_wconf 90' lang='lat' dir='ltr'><strong>minus</strong></span> <span class='ocrx_word' id='word_1_143' title='bbox 388 3325 532 3401; x_wconf 84' lang='lat' dir='ltr'><strong>urgeor,</strong></span> <span class='ocrx_word' id='word_1_144' title='bbox 565 3327 689 3402; x_wconf 88' lang='lat' dir='ltr'><strong>meque</strong></span> <span class='ocrx_word' id='word_1_145' title='bbox 718 3302 794 3402; x_wconf 87' lang='lat' dir='ltr'><strong>ipse</strong></span> <span class='ocrx_word' id='word_1_146' title='bbox 820 3300 1078 3401; x_wconf 88' lang='lat' dir='ltr'><strong>propemodum</strong></span> <span class='ocrx_word' id='word_1_147' title='bbox 1106 3297 1251 3396; x_wconf 79' lang='lat' dir='ltr'><strong>collegi5</strong></span> 
     </span>
     <span class='ocr_line' id='line_1_22' title="bbox 246 3423 1254 3527; baseline 0.001 -33"><span class='ocrx_word' id='word_1_148' title='bbox 246 3433 364 3497; x_wconf 88' lang='lat' dir='ltr'><strong>tamen</strong></span> <span class='ocrx_word' id='word_1_149' title='bbox 393 3425 532 3525; x_wconf 84' lang='lat' dir='ltr'><strong>indigen</strong></span> <span class='ocrx_word' id='word_1_150' title='bbox 560 3428 610 3499; x_wconf 88' lang='lat' dir='ltr'><strong>tui</strong></span> <span class='ocrx_word' id='word_1_151' title='bbox 636 3425 778 3501; x_wconf 89' lang='lat' dir='ltr'><strong>consilii.</strong></span> <span class='ocrx_word' id='word_1_152' title='bbox 805 3429 928 3527; x_wconf 87' lang='lat' dir='ltr'><strong>Itaque</strong></span> <span class='ocrx_word' id='word_1_153' title='bbox 963 3439 999 3498; x_wconf 87' lang='lat' dir='ltr'><strong>te</strong></span> <span class='ocrx_word' id='word_1_154' title='bbox 1028 3423 1254 3501; x_wconf 78' lang='lat' dir='ltr'><strong>vehementer</strong></span> 
     </span>
     <span class='ocr_line' id='line_1_23' title="bbox 246 3532 1255 3653; baseline 0.003 -35"><span class='ocrx_word' id='word_1_155' title='bbox 246 3548 356 3619; x_wconf 87' lang='lat' dir='ltr'><strong>etiam</strong></span> <span class='ocrx_word' id='word_1_156' title='bbox 383 3564 487 3651; x_wconf 87' lang='lat' dir='ltr'><strong>atquo</strong></span> <span class='ocrx_word' id='word_1_157' title='bbox 513 3555 617 3625; x_wconf 89' lang='lat' dir='ltr'><strong>etiam</strong></span> <span class='ocrx_word' id='word_1_158' title='bbox 642 3579 752 3653; x_wconf 83' lang='lat' dir='ltr'><strong>rogo,</strong></span> <span class='ocrx_word' id='word_1_159' title='bbox 785 3532 894 3651; x_wconf 83' lang='lat' dir='ltr'><strong>magis</strong></span> <span class='ocrx_word' id='word_1_160' title='bbox 924 3577 1029 3652; x_wconf 88' lang='lat' dir='ltr'><strong>quam</strong></span> <span class='ocrx_word' id='word_1_161' title='bbox 1055 3576 1074 3622; x_wconf 88' lang='lat' dir='ltr'><strong>a</strong></span> <span class='ocrx_word' id='word_1_162' title='bbox 1100 3575 1158 3622; x_wconf 84' lang='lat' dir='ltr'><strong>rue</strong></span> <span class='ocrx_word' id='word_1_163' title='bbox 1183 3550 1255 3646; x_wconf 77' lang='lat' dir='ltr'><strong>vis,</strong></span> 
     </span>
     <span class='ocr_line' id='line_1_24' title="bbox 248 3678 1252 3778; baseline 0.003 -35"><span class='ocrx_word' id='word_1_164' title='bbox 248 3687 309 3745; x_wconf 86' lang='lat' dir='ltr'><strong>aut</strong></span> <span class='ocrx_word' id='word_1_165' title='bbox 334 3679 465 3773; x_wconf 87' lang='lat' dir='ltr'><strong>pateris</strong></span> <span class='ocrx_word' id='word_1_166' title='bbox 492 3693 526 3751; x_wconf 89' lang='lat' dir='ltr'><strong>te</strong></span> <span class='ocrx_word' id='word_1_167' title='bbox 551 3684 687 3778; x_wconf 79' lang='lat' dir='ltr'><strong>rogari,</strong></span> <span class='ocrx_word' id='word_1_168' title='bbox 718 3694 758 3752; x_wconf 90' lang='lat' dir='ltr'><strong>nt</strong></span> <span class='ocrx_word' id='word_1_169' title='bbox 783 3678 874 3752; x_wconf 79' lang='lat' dir='ltr'><strong>lianc</strong></span> <span class='ocrx_word' id='word_1_170' title='bbox 901 3679 1148 3776; x_wconf 85' lang='lat' dir='ltr'><strong>cogitationem</strong></span> <span class='ocrx_word' id='word_1_171' title='bbox 1176 3689 1252 3748; x_wconf 89' lang='lat' dir='ltr'><strong>toto</strong></span> 
     </span>
     <span class='ocr_line' id='line_1_25' title="bbox 247 3802 639 3903; baseline 0.015 -34"><span class='ocrx_word' id='word_1_172' title='bbox 247 3812 392 3897; x_wconf 87' lang='lat' dir='ltr'><strong>pectore</strong></span> <span class='ocrx_word' id='word_1_173' title='bbox 419 3802 639 3903; x_wconf 75' lang='lat' dir='ltr'><strong>amplectere.</strong></span> 
     </span>
    </p>
   </div>
   <div class='ocr_carea' id='block_1_6' title="bbox 0 0 1328 4822">
    <p class='ocr_par' dir='ltr' id='par_1_6' title="bbox 0 0 1328 4822">
     <span class='ocr_line' id='line_1_26' title="bbox 0 0 1328 4822; baseline 0 1"><span class='ocrx_word' id='word_1_174' title='bbox 0 0 1328 4822; x_wconf 95' lang='lat' dir='ltr'><strong> </strong></span> 
     </span>
    </p>
   </div>
  </div>
 </body>
</html>
