2648 4822
153 447 199 523 7⁰
477 435 647 485 rrrsrota
675 437 820 483 oxxxru.
927 433 1056 485 ane.
1077 436 1123 499 qd

152 573 259 647 parve
285 569 404 641 curae,
429 557 489 613 aut
514 566 626 612 novae
651 539 727 610 loci.
754 536 824 609 Sed
851 550 969 609 tamen
994 538 1082 639 quid
1105 540 1147 613 si·

152 671 254 743 milel
286 671 343 742 illa
376 694 436 741 eos
456 686 483 734 ¹7
511 692 582 738 non
617 664 791 761 adhibuit,
825 688 913 764 quos
937 665 1146 743 existimavit

154 799 386 898 quaesituros,
419 796 486 867 nisi
511 796 672 891 scissent,
702 790 788 892 quid
812 804 902 863 esset
920 792 959 862 ¹⁸.
992 792 1088 865 Num
1110 794 1145 865 id

154 925 259 996 etiam
284 922 370 993 milri
396 920 539 1021 periculi
564 918 649 990 suitl
668 934 698 983 ¹9
724 917 794 990 Sed
819 931 937 991 tamen
961 917 1068 992 faeiat
1082 918 1147 1015 illa,

154 1049 251 1150 quod
278 1064 396 1145 ego²⁰.
423 1047 525 1120 Dabo
551 1072 666 1117 meum
693 1059 938 1117 testamentum
963 1044 1147 1143 legendum

155 1176 212 1246 eui
236 1173 406 1248 voluerit:
432 1171 618 1269 intelliget,
642 1197 714 1241 uon
741 1173 895 1269 potuisse
921 1170 1148 1245 honoriticen-

154 1302 222 1372 tius
247 1326 266 1372 a
292 1327 349 1372 me
375 1301 448 1371 fieri
475 1299 518 1369 de
544 1311 672 1395 nepote
688 1313 730 1394 ²¹,
755 1323 860 1397 quam
885 1296 1037 1370 fecerim.
1061 1298 1148 1371 Natu

155 1426 250 1525 quod
276 1452 348 1497 non
375 1424 548 1496 advocavi
566 1440 597 1470 ²²
623 1423 668 1493 ad
694 1422 970 1520 obsignandum:
998 1426 1149 1524 primum

154 1551 241 1623 milri
266 1577 339 1623 non
364 1551 522 1623 venitin
547 1564 718 1646 mentem,
744 1549 869 1620 deinde
893 1576 933 1621 ea
950 1576 989 1622 re
1005 1576 1149 1625 nonve·

156 1677 222 1773 nit,
248 1677 373 1776 quia²³
400 1675 487 1747 nilnl
513 1676 662 1747 attinuit.
688 1676 780 1747 Tute
806 1676 872 1746 scis
894 1676 1068 1762 (simodo
1083 1702 1149 1749 me·

155 1802 324 1899 miniati),
348 1829 404 1873 me
431 1802 494 1874 tibi
520 1816 594 1873 tum
621 1801 763 1898 dixisse,
788 1815 828 1872 ut
853 1800 897 1872 de
923 1802 993 1875 tuis
1018 1801 1149 1904 aliquos

157 1927 357 2031 adduceres.
384 1929 480 2019 Quid
506 1930 597 1999 enim
624 1953 712 2026 opus
738 1941 812 1999 erat
838 1926 973 2000 multisl
991 1929 1150 2029 equidem

156 2052 369 2126 domesticos
394 2057 569 2127 iusseram.
596 2055 687 2125 Tunr
721 2053 784 2125 tibi
817 2054 970 2153 placuit,
1007 2069 1050 2127 ut
1074 2056 1150 2127 mit·

157 2194 267 2252 terem
292 2181 505 2278 ad'Siliunr,
538 2182 619 2252 inde
645 2196 698 2252 est
724 2194 862 2278 uatum,
898 2195 939 2253 ut
965 2182 1009 2253 ad
1035 2180 1149 2254 Publi·

156 2304 240 2376 lium
258 2305 297 2377 ²4.
324 2306 393 2379 Sed
417 2333 558 2378 necesse
584 2320 746 2378 neutrum
773 2306 845 2377 suit.
872 2307 951 2379 Iloc
971 2320 1013 2379 tu
1030 2320 1149 2381 uacu-

157 2430 227 2529 bis,
252 2446 291 2504 ut
318 2432 380 2505 tibi
406 2434 552 2506 videtur.

557 2682 768 2755 DXXXIV.
877 2724 930 2783 (aa
947 2725 999 2773 aa,
1015 2725 1069 2785 xa,
1085 2726 1128 2787 η)

159 2854 376 2933 Argumentum.
410 2880 419 2915 r
451 2861 497 2917 De
527 2882 556 2917 se
584 2861 664 2941 apud
694 2862 852 2943 Apuleium
885 2874 1046 2939 excursat03
1076 2861 1148 2924 ade

198 2964 358 3040 sponsione
379 2985 435 3043 pro
458 2966 633 3039 Coruiliei03
656 2968 673 3025 3
695 2968 733 3026 dc
757 2969 867 3029 Pansae
888 2969 1083 3050 profectione.
1106 2972 1148 3031 At-

199 3070 286 3125 ticam
309 3080 339 3129 ct
358 3069 465 3128 Piliam
488 3073 602 3132 salvere
623 3074 713 3135 iubet.

298 3276 351 3327 Ser.
372 3282 479 3330 Asturae
496 3280 527 3331 Α.
549 3281 580 3332 V.
599 3282 626 3333 C.
648 3282 798 3347 actvm,
817 3299 903 3334 menso
921 3283 1024 3336 Martio.

473 3478 616 3544 CICERO
641 3479 791 3542 ATTICO
816 3480 846 3541 S.

215 3712 226 3754 r
259 3688 455 3764 Marcianus
482 3694 527 3765 ad
547 3720 602 3765 me
619 3696 776 3793 scripsit,
792 3720 849 3765 me
866 3710 1070 3769 excusatum
1085 3718 1151 3769 esse

103 3901 108 3909 Ι
160 3812 256 3911 apud
281 3816 466 3915 Apuleium
488 3837 498 3868 ¹
527 3847 545 3891 a
572 3822 773 3917 Laterensi,
806 3821 963 3920 Nasone,
987 3826 1151 3921 Laenate,

159 3938 358 4043 Torquato,
391 3947 569 4020 Strabone.
602 3950 649 4021 lis
677 3948 781 4021 velim
806 3974 885 4021 meo
910 3951 1056 4024 nomine
1079 3947 1151 4025 red-

161 4062 292 4140 dendas
318 4069 434 4145 literas
461 4101 575 4171 cures,
602 4090 737 4173 gratum
763 4072 848 4147 mihi
874 4101 934 4147 eos
960 4074 1089 4151 secisse.
