2648 4822
226 393 299 469 318
556 411 728 462 seisrom
754 411 884 460 ncxxn.
1012 410 1042 463 s.
1061 414 1093 457 v.
1111 414 1139 459 c.
1160 411 1209 474 ‚os

226 492 280 618 te,
305 530 447 591 stante
472 513 588 586 iucem
614 512 706 587 dedi.
731 512 869 588 Deinde
895 538 1024 614 quum,
1042 538 1170 587 somno
1187 539 1238 588 re·

224 646 359 744 petito,
384 640 487 715 simul
514 667 597 714 cum
621 640 697 714 sole
723 651 947 740 experrectus
972 664 1110 737 essem,
1136 640 1241 717 datur

225 764 312 845 mihi
337 767 487 869 epistola
514 794 533 838 n
559 768 689 840 sororis
723 779 806 838 tuae
839 765 913 840 filio
930 780 957 862 ⁸,
991 790 1097 866 quam
1121 767 1239 866 ipsam

227 894 293 970 tibi
316 896 417 992 misi3
442 897 540 967 euius
566 906 620 966 est
644 892 860 993 pn'ncipium
885 917 960 966 non
985 893 1060 964 sine
1086 893 1237 966 maximo

227 1020 449 1113 contumelia.
475 1017 547 1091 Sed
572 1017 718 1093 fortasse
740 1021 794 1088 odi
818 1023 991 1099 ἑπέστῂπεν.
1025 1021 1093 1093 Est
1118 1032 1236 1093 autem

225 1149 291 1250 sio:
319 1146 393 1245 Ego
426 1151 521 1218 enim
557 1168 634 1218 non
664 1142 804 1244 probo,
843 1144 1023 1246 quicquid
1044 1169 1120 1216 non
1145 1143 1236 1218 belle

225 1277 264 1345 in
290 1287 323 1346 te
347 1273 420 1346 dici
447 1285 577 1372 potest.
615 1271 725 1349 Posse
762 1267 839 1343 vult
877 1270 915 1345 in
948 1296 1005 1347 me
1030 1267 1141 1343 multa
1167 1269 1237 1344 dici

224 1423 299 1471 non
324 1397 432 1496 belle,
457 1397 521 1469 sed
545 1422 585 1468 ea
613 1421 650 1468 se
675 1409 781 1493 negat
806 1393 1013 1495 approbare.
1030 1396 1112 1469 Hoc
1138 1399 1237 1498 quic·

222 1549 332 1626 quum
369 1537 489 1623 potest
521 1524 630 1601 esse³
655 1520 850 1620 impurius}
884 1522 961 1601 Iam
995 1535 1110 1597 cetera
1142 1520 1236 1620 leges

224 1647 333 1752 (fimisi
365 1650 460 1721 enim
499 1648 547 1720 ud
578 1661 616 1720 oe
631 1658 659 1745 >3
695 1646 956 1748 iudicabimus,
990 1649 1092 1727 Brun
1125 1649 1237 1722 nostri

225 1773 440 1876 quotidianis
465 1772 685 1874 assiduisque
711 1771 874 1847 laudibus
885 1827 898 1871 ,
929 1799 1016 1875 quas
1049 1773 1164 1847 abeo
1191 1774 1235 1846 de

219 1898 327 1974 nohis
352 1899 474 1972 haberi
499 1897 665 2000 pennulti
690 1897 779 1971 mihi
803 1901 1112 1996 renuntiaverunt,
1137 1925 1234 1973 com-

220 2039 361 2100 motum
385 2027 493 2098 istum
518 2022 708 2126 aliqnando
724 2025 907 2123 scripsisse
924 2023 1087 2124 aliquido
1103 2024 1149 2096 ad
1166 2052 1232 2122 ms,

224 2147 331 2243 oredo
358 2165 394 2225 et
418 2150 542 2250 ad·te3
570 2149 678 2252 idque
702 2164 743 2222 ut
768 2151 877 2222 sciam
891 2207 900 2247 ‚
926 2150 1054 2223 socies:
1078 2175 1163 2223 nom
1187 2150 1235 2223 sd

222 2292 361 2380 patrem
387 2277 431 2351 de
457 2304 514 2353 ine
539 2275 626 2380 quid
649 2274 851 2379 scripserit,
876 2274 1017 2374 nescio;
1051 2274 1096 2348 de
1119 2288 1233 2349 matre

223 2431 330 2506 quam
354 2407 432 2509 piei
460 2402 505 2487 V
500 2402 664 2479 oluemm
671 2459 685 2492 ‚
703 2404 836 2506 inquit,
853 2419 895 2474 ut
911 2427 1020 2504 quam
1032 2401 1234 2505 plurimwn

223 2544 340 2605 tecum
364 2557 495 2617 essem,
521 2531 676 2604 conduci
700 2529 791 2605 nulii
815 2530 981 2614 domum·
1005 2544 1039 2600 ot
1065 2529 1105 2600 id
1127 2528 1179 2600 ad
1201 2543 1234 2602 te

222 2661 451 2756 scripseram:
490 2658 692 2754 raeglexisti.
732 2657 794 2727 Ita
831 2661 949 2725 minus
975 2655 1130 2725 miiitum
1156 2681 1230 2725 zena

222 2785 361 2853 erimus.
390 2783 492 2853 Nam
517 2806 580 2879 ego
607 2786 713 2851 istam
736 2781 908 2850 (l0mmn5
927 2780 1040 2850 videm
1057 2804 1131 2850 non
1150 2805 1231 2879 pos·

222 2930 327 2978 sum:
361 2932 435 3004 qua
463 2907 505 2977 de
531 2931 666 2994 causa,
701 2909 783 2980 scis.
818 2907 919 2978 Hanc
947 2919 1062 2976 autem
1090 2932 1231 2977 causam

223 3045 324 3128 pater
349 3029 472 3103 odium
500 3033 620 3103 matris
647 3057 721 3103 esse
749 3030 897 3102 dicebat.
916 3031 1019 3103 Nunc
1046 3056 1101 3102 me
1128 3032 1231 3128 iuva,

223 3157 270 3227 mi
296 3158 434 3253 Attice,
460 3156 627 3253 consilio²
653 3167 774 3252 πότερον
801 3158 885 3235 δίκας
912 3165 1009 3249 τεῖχος
1046 3164 1133 3252 ὕψιον
1163 3155 1231 3244 [id

223 3297 291 3380 est,
308 3297 424 3355 utrum
444 3297 563 3382 aperte
582 3283 761 3355 hominem
780 3310 954 3383 aspernor,
968 3298 1003 3354 et
1022 3286 1231 3382 respuam⁶J‚

221 3415 239 3484 ἢ
271 3415 396 3488 σκολιοῖς
429 3418 556 3488 ἀπάτας.
584 3408 636 3481 Vt
667 3411 761 3482 enim
791 3411 968 3506 Pindaro,
998 3411 1050 3481 sic
1081 3410 1155 3500 δίχα
1182 3440 1230 3499 μοι

223 3543 307 3628 νόος,
340 3543 495 3631 ἀτρέκειαν
526 3543 626 3605 εἰπεῖν.
668 3538 822 3608 Omnino
850 3537 1006 3608 moribus
1033 3537 1119 3607 meis
1146 3535 1232 3608 illud

224 3662 339 3760 aptius
354 3682 378 3758 ⁷,
405 3661 465 3735 sed
492 3662 560 3734 hoc
587 3662 731 3733 fortasse
760 3663 985 3761 temporibus.
1014 3663 1068 3733 Tu
1097 3675 1233 3757 autem,

222 3788 321 3888 quod
346 3790 421 3889 ipse
448 3789 510 3862 tibi
537 3790 702 3887 suaseris,
720 3790 816 3861 idem
828 3788 918 3861 mihi
937 3814 1142 3888 persuasum
1168 3799 1252 3887 pu·'

224 3927 309 3988 tuto.
336 3915 510 4016 Equidem
540 3944 661 3991 vereor
685 3918 859 4013 maxime,
892 3942 935 3988 ne
961 3917 999 3990 in
1026 3913 1229 3991 Tusculano
