2648 4822
503 412 672 460 eersrona
698 414 789 458 oxii.
929 410 959 456 Λ.
976 413 1009 456 ν.
1028 413 1057 458 c.
1074 407 1121 473 ‚os

303 646 356 697 Ser.
374 645 467 695 Romae
485 643 515 693 A.
534 641 566 690 V.
585 642 614 694 C.
633 638 764 692 uccvttt
773 677 781 705 ,
800 656 885 690 meuse
903 639 1004 690 lanuar.

477 829 619 896 CICERO
643 830 796 892 LEPTAE
815 838 825 871 ¹

211 1053 224 1097 1
254 1022 364 1096 Simul
380 1037 396 1070 ²
421 1021 540 1120 accepi
565 1046 584 1091 a
610 1018 756 1090 Seleuco
781 1032 842 1090 tuo
867 1018 1001 1115 literas,
1030 1020 1145 1091 statim

156 1152 309 1254 quaesivi
346 1147 501 1222 eBalbo
537 1172 602 1247 per
638 1144 817 1217 codicillos
830 1202 841 1243 7
871 1144 957 1245 quid
987 1157 1080 1216 esset
1109 1146 1145 1215 in

154 1277 228 1377 lege
242 1281 265 1350 ³.
290 1278 493 1375 Rescripsit:
513 1300 590 1371 eos,
614 1274 672 1373 qui
698 1272 852 1345 facerent
876 1269 1147 1371 praeconium,

153 1405 264 1476 vetari
288 1429 361 1475 esse
386 1404 423 1474 in
460 1400 727 1498 decurionibus3
766 1400 824 1499 qui
861 1398 1041 1496 fecissent,
1075 1417 1146 1470 non

153 1531 274 1602 vetari.
298 1531 415 1619 Quare
440 1526 536 1599 bono
563 1527 680 1598 animo
706 1528 776 1598 sint
801 1540 837 1597 et
863 1527 930 1623 tui,
950 1539 985 1597 et
1009 1526 1077 1596 mei
1103 1525 1120 1595 f
1134 1565 1147 1580 ·

155 1654 312 1726 miliares.
338 1654 459 1754 Neque
483 1654 577 1725 enim
602 1667 677 1724 erat
701 1651 905 1748 ferendum,
935 1678 1064 1752 quum²
1089 1654 1146 1751 qui

154 1778 261 1853 hodie
296 1779 554 1879 haruspicinam
586 1777 760 1877 facerent,
792 1780 829 1849 iu
863 1791 985 1850 senatu
1018 1778 1148 1848 Rornae

155 1906 351 2004 legerentur
366 1909 399 2004 ⁵5
423 1933 501 2006 eos,
533 1907 591 2006 qui
625 1904 813 2006 aliquando
846 1904 1075 2004 praeconium
1100 1901 1146 1973 le-

155 2033 299 2130 cissent‚
322 2034 360 2105 in
384 2032 580 2133 municipiis
606 2031 811 2103 decuriones
837 2056 911 2102 esse
937 2053 1010 2102 non
1035 2027 1146 2100 licere.

206 2186 227 2231 2
251 2159 305 2230 De
322 2159 500 2256 Hispaniis
516 2158 601 2231 novi
618 2156 712 2228 nihil.
730 2158 898 2255 Magnum
921 2169 1039 2227 tamen
1057 2179 1148 2227 exer

155 2284 262 2355 citum
287 2284 528 2382 Pompeium⁶
560 2282 689 2355 habere
722 2295 869 2354 constat
904 2280 996 2353 Nam
1022 2281 1150 2353 Caesar

154 2409 228 2508 ipse
254 2409 301 2480 ad
325 2428 421 2481 nost
448 2411 543 2480 misit
575 2408 773 2508 exemplum
805 2408 996 2479 Paciaeci⁸
1033 2407 1147 2479 litera·

153 2560 247 2631 rum,
271 2536 308 2605 in
334 2560 403 2634 quo
430 2549 520 2630 erat,
545 2537 672 2632 ipsass
697 2534 862 2606 undecim
887 2559 961 2604 esse
985 2531 1147 2630 legiones.

154 2658 347 2756 Scripserat
371 2662 477 2730 etiam
502 2659 649 2731 Messala
675 2660 719 2751 Q.
745 2659 899 2757 Salass0‚
926 2661 965 2730 P.
991 2659 1147 2731 Curtium

155 2782 294 2855 fratrem
320 2785 412 2881 eius,
443 2784 537 2856 iussu
562 2785 746 2882 Pompeii,
779 2785 998 2884 inspectante
1023 2784 1148 2858 exerci-

155 2921 215 3005 tu,
239 2909 471 3008 interfectum,
496 2910 593 3013 quod
618 2912 851 2985 consensisset
876 2937 957 2984 cum
982 2911 1146 3011 Hispanis

154 3032 378 3135 quibusdam,
403 3038 433 3109 si
456 3039 494 3110 in
519 3037 691 3139 oppidum
708 3039 828 3111 nescio
846 3037 944 3138 quod
960 3038 1146 3138 Pompeius

152 3160 203 3230 rei
226 3160 469 3236 frumentariae
494 3190 597 3238 causa
622 3166 791 3262 venisset,
816 3189 895 3237 eum
921 3164 1146 3266 comprehen-

154 3278 256 3383 dere,
281 3287 328 3359 ad
352 3284 603 3392 Caesaremque
630 3291 863 3363 deducere10.

201 3413 222 3484 3
247 3414 300 3485 De
325 3418 466 3513 negotio
491 3430 571 3515 tuo,
596 3417 694 3518 quod
720 3441 871 3516 sponsor
895 3441 932 3488 es
957 3441 1025 3514 pro
1040 3417 1145 3490 Pom-

150 3537 248 3635 peio,
280 3540 309 3611 si
341 3538 454 3614 Galba
488 3568 708 3643 consponsor
742 3559 821 3616 tuus
848 3542 1009 3642 redierit,
1038 3540 1144 3615 homo

151 3664 188 3733 in
213 3690 249 3735 re
277 3665 434 3740 familiari
459 3694 533 3742 non
557 3697 692 3770 parum¹
709 3671 871 3768 diligens,
891 3695 964 3742 non
991 3668 1145 3742 desinam

153 3815 233 3862 cum
258 3791 317 3864 illo
343 3797 615 3894 communicare,
641 3799 668 3868 si
696 3796 782 3897 quid
802 3797 957 3895 expediri
973 3812 1000 3845 ¹¹
1021 3797 1144 3895 possit:

155 3916 250 4012 quod
275 3917 458 3994 videbatur
485 3921 571 3994 mihi
597 3921 654 3997 ille
680 3923 863 3996 confidere.
