2648 4822
463 430 501 478 nt
526 427 716 480 reterens

527 636 649 700 DCVH.

87 848 166 913 th
184 847 263 910 hanc
293 848 459 911 molestiam
484 848 622 913 veniendi
648 849 688 911 ad
713 870 778 935 me,
804 851 952 935 Arpinum
978 872 1095 936 usque,

123 956 259 1019 subeant

83 1084 102 1126 a
122 1064 212 1126 Diem
232 1066 377 1126 auctionis
397 1066 474 1127 inter
494 1064 657 1128 coheredes
677 1068 887 1150 constitutam,
910 1085 972 1130 non
992 1078 1096 1131 autom

122 1173 334 1255 proscriptam,
355 1171 385 1234 h.
407 1195 433 1235 e.
455 1175 485 1234 in
505 1173 613 1255 vulgus
635 1173 755 1236 editam.

82 1276 170 1339 3122
190 1282 303 1364 Bruto,
323 1277 353 1340 b.
376 1303 402 1342 e.
423 1279 462 1342 de
482 1281 567 1343 Bruti
587 1284 717 1365 nuptiis3
737 1280 776 1343 de
800 1279 947 1366 Caesare,
971 1281 1010 1345 de
1030 1286 1095 1346 eius

122 1386 223 1448 reditu
243 1408 282 1448 cx
303 1387 455 1470 Hispania.

81 1488 114 1571 4²
124 1492 266 1571 Quatuor
286 1494 379 1556 libros
399 1494 602 1581 Academicos.
622 1494 741 1557 Manat.

79 1599 102 1664 5
122 1601 238 1685 Varro,
258 1603 376 1685 Cicero,
398 1605 531 1687 arucus3
554 1605 607 1685 qui
627 1605 657 1663 in
678 1606 711 1665 iis
732 1603 814 1665 libris
834 1602 1093 1687 colloquebantur.

121 1710 239 1773 Mans.
270 1711 397 1793 Facete,
428 1713 525 1793 inquit
544 1711 712 1791 Emestius,
743 1732 834 1772 exre
855 1714 1041 1796 pecuniaria,
1062 1713 1094 1774 in

122 1839 183 1900 quo
202 1821 323 1902 proprie
343 1820 467 1881 nomina
478 1817 586 1901 facere
605 1818 655 1880 ille
676 1818 799 1900 dicitur,
816 1822 883 1903 qui,
903 1819 987 1902 quod
1007 1819 1094 1883 alteri

122 1924 228 2010 debet,
247 1928 279 1986 in
298 1924 408 1987 tabulis
428 1924 545 2010 scribit,
565 1925 747 1989 locutionem
766 1925 902 1989 traduxit
921 1925 961 1988 ad
982 1923 1094 2011 signifi·

120 2031 231 2095 eandm
250 2035 395 2096 sermonis
414 2054 566 2118 personas.

533 2275 643 2339 Dclx.

82 2485 95 2526 ι
121 2464 245 2526 Sicana
264 2475 309 2527 est
328 2463 432 2548 lectio,
445 2459 603 2546 significat:
618 2461 841 2548 Exspectabam
860 2461 957 2525 Roma
979 2461 1094 2547 aliquid

120 2576 205 2654 (non
224 2595 286 2656 quo
311 2575 504 2657 imperassem
517 2574 545 2656 );
577 2571 630 2634 sed
657 2570 768 2633 frustra
794 2573 967 2656 exspectavi.
996 2571 1094 2655 Igitur

120 2680 233 2763 aliquid
262 2684 321 2742 tuis
351 2681 442 2743 literis
473 2690 562 2741 antea
595 2681 724 2764 acceptis
756 2699 910 2765 reponam.
945 2678 995 2741 Sic
1027 2679 1092 2742 fere

119 2787 285 2850 Schtitaius

78 2915 98 2957 a
119 2895 203 2957 Scire
223 2898 326 2979 cupio,
346 2916 424 2978 quoe
445 2895 499 2956 tibi
520 2894 591 2957 alias
611 2895 770 2980 mandavi,
795 2893 834 2958 de
855 2895 940 2957 Bruti
960 2896 1090 2980 nuptiis,

119 3002 159 3065 de
180 3003 313 3065 Caesaris
334 3024 368 3066 ex
388 3003 531 3088 Hispania
551 3003 692 3067 adventu.

77 3109 98 3171 3
119 3112 167 3174 An
187 3111 380 3174 convaluerit.

536 3323 629 3387 DCX

82 3563 94 3601 r
119 3541 210 3603 Vides
237 3563 334 3624 nunc,
360 3561 457 3624 quum
481 3540 570 3621 longe
590 3539 739 3619 absimtu,
766 3537 841 3624 quid
867 3537 939 3601 boni
965 3539 1090 3622 propia⁴

117 3652 215 3730 quitos
229 3649 354 3730 babeat,
368 3648 435 3709 vide
449 3670 495 3732 ep.
509 3648 615 3709 Dcttl.
631 3650 706 3710 Ante
720 3648 887 3708 Gruterum
903 3646 981 3730 quid
992 3646 1090 3709 tabeo

78 3776 96 3815 a
120 3756 157 3815 H.
179 3778 204 3818 e.
226 3759 366 3816 iamiam
388 3756 613 3841 colloquemur3
632 3776 703 3817 nam
723 3754 763 3816 ad
783 3755 882 3816 Nonas
907 3756 1017 3814 iterum
1040 3752 1097 3815 fu*

119 3873 206 3923 turus
226 3885 293 3924 sum
314 3866 344 3924 in
365 3863 547 3925 Tusculano.

79 3967 97 4028 3
119 3970 319 4053 Respondeas.
344 3969 470 4034 Corrad.
491 3971 561 4033 Mox
581 3971 706 4055 scripsi,
727 3971 758 4034 in
778 3989 825 4053 ep.
846 3966 941 4052 Dcv,
965 3990 990 4029 1.
1054 3966 1060 3995 ¹
