2648 4822
245 429 310 481 122
590 428 760 477 semrom
787 425 886 476 nurn.
1012 420 1204 490 saepe

238 530 302 604 tibi
326 531 375 604 sic
401 527 625 626 commendo,
650 543 689 601 ιιι
713 532 844 602 maiore
869 553 968 626 cura,
993 526 1124 628 studio,
1149 529 1226 603 soli·

235 656 389 731 citudine
427 656 532 729 animi
567 653 813 729 commendare
849 680 922 727 non
958 656 1098 753 possim.
1131 656 1225 728 Volo

233 785 389 886 ipsorum
414 807 532 883 causa,
557 807 681 884 meque
706 783 741 855 in
768 806 809 854 eo
834 781 1061 855 vehementer
1085 793 1122 853 et
1141 783 1226 854 ami·

233 913 313 985 citia
338 924 473 1008 movet,
498 923 534 982 et
557 909 763 982 humanitas.
793 908 905 1008 Lepta
932 934 1016 981 vero
1042 935 1150 1009 quum
1176 910 1223 981 ita

230 1034 381 1133 laboret,
406 1051 446 1109 ut
471 1036 543 1109 eius
568 1035 726 1108 fortunae
759 1033 944 1107 videantur
975 1035 1012 1106 in
1038 1033 1223 1108 discrimen

231 1164 371 1260 venire,
395 1187 467 1235 uon
493 1187 637 1262 possum
663 1187 727 1260 ego
753 1184 826 1232 non
851 1173 911 1232 aut
936 1161 1093 1261 proxime
1119 1172 1224 1261 atque

230 1285 331 1386 illes,
356 1288 543 1360 autetiam
570 1313 677 1388 aeque
702 1286 869 1371 laborare.
895 1287 1137 1386 Quapropter,
1159 1286 1224 1359 etsi

230 1438 335 1514 saepe
361 1427 522 1514 expertus
547 1439 645 1512 sum,
673 1427 841 1514 quantum
867 1437 922 1483 me
947 1437 1081 1484 amares
1100 1428 1147 1485 ¹⁰:
1172 1425 1224 1484 ta·

230 1564 311 1612 men
336 1539 385 1611 sic
411 1537 514 1610 velim
541 1538 603 1611 tibi
628 1538 861 1637 persuadeas,
888 1520 1008 1611 idme
1032 1540 1068 1612 in
1094 1538 1161 1612 hac
1186 1564 1223 1612 re

228 1664 377 1737 maxime
413 1662 654 1736 iudicaturum.
687 1666 775 1738 Peto
808 1665 913 1763 igitur
949 1690 968 1736 a
1005 1677 1060 1763 te,
1089 1664 1163 1763 vei,
1195 1664 1224 1737 si

227 1792 356 1890 pateris
376 1804 415 1888 ¹¹,
447 1815 529 1889 oro,
558 1804 598 1862 ut
622 1789 781 1864 homines
820 1791 982 1888 miseros,
1013 1803 1048 1862 ει
1083 1790 1222 1863 fortuna

227 1925 355 2017 (quam
380 1917 491 1999 vitare
516 1941 619 1988 nemo
646 1927 783 2018 potest)
819 1915 944 2015 magis,
979 1943 1084 2017 quam
1118 1914 1222 2017 culpa

226 2041 462 2140 calamitosos,
479 2068 664 2116 conserves
682 2040 888 2116 incolumes:
906 2041 1061 2143 velisque
1087 2068 1151 2142 per
1175 2056 1221 2139 te,

225 2193 282 2240 me
307 2166 375 2240 hoc
400 2168 570 2264 muneris,
604 2195 712 2269 quum
742 2169 828 2267 ipsis
853 2168 973 2241 amicis
998 2167 1223 2267 hominihus,

224 2305 298 2366 tum
325 2295 517 2395 municipio
542 2292 691 2394 Caleno,
722 2319 872 2396 quocum
898 2293 985 2365 mihi
1009 2319 1134 2392 magna
1160 2318 1221 2367 ne-

225 2419 400 2494 cessitudo
426 2432 497 2521 est,
521 2434 597 2493 tum
622 2423 771 2520 Leptae,
796 2445 899 2521 quem
924 2418 1087 2493 omuibus
1107 2435 1137 2471 ¹²
1163 2445 1221 2493 an·

225 2557 372 2646 tepono,
399 2546 490 2621 dare.
517 2546 625 2638 Quod
651 2548 807 2620 dicturus
833 2571 927 2643 sum,
943 2559 1031 2643 puto
1058 2543 1219 2646 equidem

222 2694 294 2743 non
331 2670 432 2743 valde
469 2670 514 2743 ad
546 2698 620 2743 rem
657 2673 855 2770 pertinere,
890 2671 953 2743 sed
992 2684 1106 2743 tamen
1132 2669 1219 2743 nihil

221 2794 323 2868 obest
357 2794 479 2869 dicere.
518 2798 586 2869 Res
618 2797 794 2869 familiaris
831 2797 929 2870 alteri
962 2822 1083 2870 eorum
1117 2796 1218 2870 valde

220 2921 342 3018 exigua
380 2934 456 3019 est,
494 2920 592 2994 alteri
629 2924 687 2994 vix
725 2924 893 3023 equestris
913 2923 952 2995 ¹³.
990 2925 1218 3022 Quapropter

219 3046 361 3147 quando
381 3043 412 3113 ¹4
437 3046 491 3119 his
516 3048 645 3121 Caesar
669 3049 778 3122 vitam
804 3075 865 3123 sua
899 3046 1105 3121 liberalitate
1131 3073 1216 3120 con-

217 3173 343 3271 cessit,
379 3199 445 3246 nec
478 3189 553 3274 est,
592 3175 688 3277 quod
718 3176 761 3249 iis
793 3190 973 3276 praeterea
1003 3199 1215 3274 magnopere

215 3299 329 3398 possit
354 3300 476 3373 adimi:
503 3301 669 3400 reditum,
693 3304 720 3375 si
747 3329 803 3374 me
824 3315 960 3374 tantum
977 3326 1089 3397 amas,
1107 3324 1215 3402 qnan-

214 3438 290 3498 tum
316 3442 409 3500 certe
435 3456 544 3527 amas,
569 3429 768 3502 hominibus
795 3431 936 3501 confice.
964 3430 1004 3499 In
1031 3451 1101 3528 quo
1126 3424 1213 3498 nihii

214 3542 283 3650 est,
308 3568 446 3652 praeter
471 3556 563 3626 viam
589 3555 745 3655 longam:
773 3581 877 3657 quam
903 3553 1029 3626 iccirco
1059 3577 1133 3626 non
1158 3552 1212 3624 fu·

213 3675 328 3777 giunt,
354 3692 453 3752 utet
480 3681 599 3754 vivant
624 3710 702 3754 cum
729 3683 813 3780 suis,
831 3695 866 3753 et
892 3680 1084 3753 moriantur
1105 3676 1209 3753 domi.

212 3801 319 3894 Quod
345 3817 385 3876 ut
409 3805 540 3878 enitare
566 3808 844 3908 contendasque,
862 3805 917 3879 vel
941 3805 1059 3906 potius
1075 3817 1116 3878 ut
1132 3828 1210 3904 per·

210 3927 306 4001 ficias
332 3938 462 4030 (posse
488 3934 580 4004 enim
607 3948 658 4031 te,
687 3933 773 4005 mihi
797 3933 998 4032 persuasi),
1023 3930 1208 4007 schemen·

209 4038 262 4127 ter
281 4059 309 4108 ¹⁵
338 4071 372 4128 te
399 4058 504 4129 etiam
531 4074 634 4160 atqua
660 4060 765 4132 etiam
790 4085 885 4156 rogo.
