2648 4822
228 428 303 504 362
574 449 745 497 esseron
772 448 885 496 ocni.
1013 450 1046 496 a
1064 452 1097 496 v.
1116 453 1147 498 e
1165 449 1213 512 ⁷0⁸

228 553 394 650 cederes,
431 551 494 625 sed
526 554 686 650 proxime
719 553 842 649 scripsi
877 550 921 621 de
947 553 1087 649 optimo
1112 579 1238 650 genere

227 677 428 776 dicendi10,
450 680 488 749 in
515 702 586 778 qno
612 701 717 775 saepe
743 678 941 776 suspicatus
966 703 1061 774 sum,
1082 693 1118 749 te
1144 705 1165 750 a
1190 683 1239 751 iu·

225 803 321 880 dicio
347 819 486 903 nostro,
510 805 561 875 sic
587 803 741 899 scilicet,
768 816 808 873 ut
834 801 980 893 doctum
1006 803 1188 876 hominem
1207 820 1235 855 ¹¹

226 956 249 1006 n
273 957 347 1004 non
372 931 538 1027 indocte,
562 927 757 1029 paullulum
782 927 959 1001 dissidere.
976 929 1070 1000 Huic
1089 943 1128 1001 tn
1145 930 1237 1004 libro

223 1060 378 1133 maxime
405 1057 527 1154 velim,
545 1083 588 1128 ex
606 1058 723 1128 animo
749 1057 944 1154 siminus,
974 1058 1105 1154 gratiae
1131 1084 1238 1131 cansa

225 1184 414 1281 suffragare
434 1199 474 1254 ¹¹.
509 1184 634 1255 Dicam
667 1184 752 1278 tuis,
777 1196 818 1253 ut
842 1208 941 1280 eum,
966 1184 995 1253 si
1020 1182 1150 1282 velint,
1176 1185 1236 1256 de-

226 1309 402 1407 ociibant,
427 1309 474 1382 ad
500 1323 603 1410 teque
629 1308 780 1380 mittant
805 1310 899 1380 Puto
925 1309 1019 1380 enim
1032 1365 1044 1407 ,
1075 1311 1238 1382 etiamsi

222 1461 301 1512 rem
327 1438 441 1509 minus
468 1434 636 1535 probabis
653 1437 693 1534 ¹³,
712 1447 833 1507 tamen
855 1435 893 1506 in
909 1435 976 1506 ista
993 1433 1186 1508 solitudine
1197 1436 1237 1535 ¹4,

224 1561 393 1664 quicquid
419 1588 437 1632 a
464 1588 520 1632 me
546 1560 744 1660 profectum
769 1563 834 1658 sit,
849 1559 1044 1632 iucundum
1064 1560 1132 1633 tibi
1151 1560 1235 1636 sore.

277 1686 298 1762 3
325 1687 433 1780 Quod
462 1686 545 1757 mihi
563 1688 859 1759 existimationem
877 1700 991 1786 tuam,
1008 1685 1235 1784 dignitatem-

223 1839 293 1915 que
319 1814 562 1909 commendas,
588 1812 672 1885 facis
700 1827 737 1884 tu
764 1812 907 1913 quidem
933 1815 1092 1884 omnium
1108 1815 1138 1863 ¹⁵
1160 1840 1235 1886 mo-

117 2022 121 2030 ,
222 1963 282 2013 re:
317 1938 379 2010 sed
413 1938 517 2011 velim
550 1939 601 2010 sic
636 1940 831 2037 existimes,
864 1964 938 2038 me,
964 1965 1072 2039 quum
1099 1943 1232 2038 amori,

223 2089 328 2167 quem
353 2065 445 2143 inter
471 2089 535 2136 nos
561 2078 722 2136 mutuum
748 2090 824 2136 esse
849 2063 1041 2162 intelligam
1059 2068 1100 2164 ¹⁶,
1126 2065 1234 2165 pluri-

221 2213 320 2264 mum
345 2190 516 2289 tribuam,
541 2204 618 2263 tum
645 2189 688 2262 de
714 2215 852 2263 summo
870 2191 1027 2288 ingenio,
1045 2203 1081 2262 et
1099 2189 1143 2262 de
1162 2205 1232 2263 stu·

222 2315 289 2392 diis
316 2319 384 2390 tuis
410 2319 571 2418 optimis,
596 2332 632 2389 et
659 2317 702 2388 de
729 2343 791 2415 spe
818 2316 1052 2416 amplissimae
1079 2316 1232 2414 dignita-

220 2446 267 2520 tis
291 2447 339 2518 ita
366 2444 536 2543 iudicare,
553 2459 593 2516 ut
610 2445 787 2516 neminem
806 2442 869 2515 tibi
888 2457 1120 2542 anteponam,
1138 2469 1234 2517 com·

222 2596 345 2673 parem
371 2597 515 2671 pancos.

628 2832 806 2904 DCXLII.
948 2873 1006 2929 (aa
1021 2870 1073 2915 ou.
1091 2870 1206 2928 xum)

193 3007 440 3087 ¹Argumentmn.
468 3010 573 3085 Quum
606 3009 736 3080 Caesar,
768 3011 864 3067 victos
896 3007 1030 3066 civilium
1057 3005 1230 3078 bellorum,

260 3136 368 3195 agrum
391 3114 538 3175 militibus
560 3115 712 3177 divisurus
733 3126 830 3187 esset,
858 3108 946 3196 eique
967 3117 1088 3196 negotio
1109 3114 1229 3196 praefe-

259 3224 345 3282 cisset
366 3222 404 3300 Q
427 3223 599 3299 Valerium3
621 3222 692 3283 huic
713 3222 933 3284 Volaterranos
959 3220 1169 3293 commendet,
1191 3241 1230 3282 ne

259 3329 380 3391 illorum
402 3352 474 3413 ager
494 3330 634 3394 divisioni
656 3330 842 3392 subiiciatur.
