2648 4822
222 432 295 507 358
570 448 744 504 arrarum
770 450 867 503 acan
1005 454 1036 503 s.
1054 456 1089 507 v.
1106 455 1135 504 c.
1155 452 1205 521 ‚a

652 676 794 757 DCXL·
958 721 1012 781 (aa
1027 723 1081 770 mv.
1100 724 1151 792 νι,Δ
1162 725 1208 782 ιι)

221 842 445 938 Argumentum.
466 858 646 918 Gratulatus
665 857 704 918 de
724 858 928 930 restitutione,
948 876 1040 940 quam
1055 857 1232 920 Dolabellae

260 963 410 1027 beneficio
424 966 481 1046 ipsi
496 966 729 1049 impetraverat3
744 960 946 1047 hortaturque
961 974 996 1026 ut
1009 984 1108 1048 aequo
1128 968 1231 1027 animo

261 1074 408 1133 iacturam
430 1070 621 1132 fortunarum
645 1070 729 1133 ierat

390 1279 444 1329 Sor.
463 1278 492 1328 Α.
509 1277 543 1330 l'.
561 1276 590 1329 C.
610 1276 759 1341 DCCl'lll,
779 1293 865 1329 menso
883 1277 953 1346 Sept.
974 1279 1059 1328 incrta.

446 1474 490 1539 Μ.
515 1472 661 1538 CICERO
687 1470 887 1540 TREBIANO
913 1474 944 1538 S.
969 1474 1006 1538 D.

269 1678 511 1761 Dolabellam¹
531 1691 634 1752 antea
652 1679 902 1754 tantummodo
923 1678 1126 1779 diligebam:
1144 1680 1233 1754 obli·

221 1820 323 1909 gatus
348 1807 381 1880 ei
404 1803 493 1879 nibil
508 1828 615 1879 eram.
631 1804 708 1880 Nec
726 1786 1016 1881 enim'accidemt
1032 1806 1121 1880 mihi
1140 1833 1232 1909 opus

220 1956 321 2032 esse·;
351 1946 389 2006 et
418 1930 478 2004 ille
509 1928 597 2004 mibi
623 1929 798 2031 debebat,
826 1931 925 2033 qnod
950 1956 1024 2005 non
1051 1932 1233 2008 defueram

220 2060 296 2135 eins
329 2056 493 2161 periculis
510 2073 535 2130 ².
568 2056 673 2132 Nunc
706 2069 807 2130 tanto
839 2082 915 2130 sum
943 2056 1128 2131 devinctus
1154 2061 1233 2134 eius

219 2186 414 2284 beneficio,
439 2184 537 2289 quod
561 2198 598 2257 et
622 2197 725 2257 antea
750 2184 788 2256 in
813 2208 851 2257 re
869 2182 895 2281 ³,
921 2196 957 2257 et
981 2183 1051 2257 hoc
1068 2198 1232 2285 tempore

219 2315 259 2391 iu
282 2312 396 2389 salute
421 2310 516 2387 tuat
540 2308 814 2385 cumulatissime
847 2309 935 2383 mihi
971 2310 1158 2411 satisfecit,
1191 2326 1233 2386 ut

220 2441 356 2515 nornini
379 2438 460 2541 plus
485 2437 643 2513 debeam.
678 2437 759 2529 Qua
783 2437 822 2511 in
847 2462 886 2511 re
911 2436 976 2510 tibi
1002 2436 1158 2536 gratulor
1182 2439 1232 2511 ita

220 2566 465 2664 vehementer,
498 2578 539 2637 ut
569 2576 606 2636 ts
635 2589 777 2665 quoque
805 2563 892 2636 mibi
917 2564 1100 2662 gratulari,
1126 2591 1232 2665 quam

220 2694 349 2792 gratias
375 2680 498 2788 agere,
523 2687 651 2761 malim.
677 2688 837 2761 Alterum
864 2691 1011 2761 omnino
1038 2716 1111 2763 non
1139 2689 1233 2763 desi·

220 2816 322 2917 dero,
345 2814 521 2887 alterum⁵
539 2836 621 2886 vere
640 2812 752 2885 iacere
770 2814 910 2913 poteris.
929 2815 1040 2907 Quod
1056 2816 1229 2917 reliquum

219 2955 296 3041 est,
334 2938 476 3041 quando
510 2936 575 3010 tibi
608 2938 720 3010 virtus
751 2952 788 3011 ct
814 2937 965 3038 dignitas
993 2957 1051 3014 tua
1078 2942 1232 3017 reditum

219 3064 268 3151 ad
291 3079 371 3138 tuos
405 3065 563 3164 aperuit:
598 3077 652 3136 est
683 3077 766 3139 tuae
798 3066 991 3166 sapientiae
1017 3069 1232 3167 magnitudi-

174 3284 178 3295 .
218 3190 344 3293 nisque
370 3192 500 3288 animi,
533 3190 620 3290 quid
653 3193 827 3292 amiseris,
859 3193 1039 3295 oblivisci3
1064 3195 1151 3296 quid
1176 3223 1233 3270 re·

219 3318 442 3419 superintuli,
474 3318 637 3418 cogitare.
664 3318 774 3393 Vives
808 3347 888 3394 cum
924 3323 1009 3418 tuis,
1042 3324 1140 3394 vives
1166 3349 1233 3398 no·

219 3444 366 3519 biscnm
391 3442 477 3519 Plus
503 3446 684 3549 acquisisti
719 3445 915 3546 dignitatis,
949 3474 1053 3548 qnam
1085 3449 1232 3523 amisisti

218 3572 271 3645 rei
296 3569 490 3645 familiaris:
522 3596 612 3675 qnae
645 3574 722 3673 ipsa
755 3586 864 3647 tumr
898 3588 988 3646 asset
1019 3576 1231 3677 iucundior,

218 3696 344 3769 siulla
370 3722 425 3771 res
459 3704 551 3773 asset
587 3698 738 3799 publica.
765 3698 949 3773 Vestorius
967 3702 994 3796 ⁸,
1026 3716 1147 3775 noster
1182 3704 1232 3776 la·

218 3820 378 3921 utilioris,
404 3823 450 3896 ad
477 3848 532 3896 me
557 3827 714 3926 scripsit,
731 3839 767 3897 te
788 3824 873 3897 mihi
900 3831 1070 3900 maximas
1098 3831 1228 3927 gratias

220 3972 329 4045 agere.
355 3949 452 4023 Hace
478 3950 694 4049 praedicatio
721 3965 780 4025 tua
806 3950 893 4025 mihi
921 3953 1021 4027 valde
1041 3969 1136 4053 grata
1156 3971 1229 4052 est,
