2648 4822
238 432 312 512 356
553 454 728 507 ariaroaa
752 456 915 512 laamas.
1016 457 1048 507 Α.
1065 459 1098 507 v.
1118 459 1147 507 c.
1167 455 1216 522 ‚os

615 683 861 760 DCXXXIX.
959 726 1014 786 (aa
1029 727 1083 774 arv.
1099 727 1155 786 vu,
1171 728 1220 784 as)

234 860 458 940 Argumentum
477 859 645 944 Epistulam
675 864 854 923 conscissam
881 881 943 922 nou
969 883 1033 922 esse
1053 864 1193 934 nuntiat3
1215 871 1248 921 et

272 969 426 1040 monitus,
446 978 482 1029 ut
502 968 666 1049 Tigellium
688 967 842 1050 placatum
864 966 997 1041 habeat,
1026 971 1137 1048 gratias
1162 970 1246 1048 agit,

272 1076 465 1156 vicissimque
486 1085 606 1147 monet,
625 1085 660 1134 ut
680 1075 718 1137 de
739 1074 866 1134 Caesare
888 1079 1004 1135 cautius
1026 1075 1192 1155 loquatur,
1215 1085 1245 1134 et

273 1191 308 1242 ut
327 1192 435 1264 pergat
455 1181 557 1242 stilum
578 1201 740 1253 exercere,
760 1180 910 1241 hortatur.

299 1402 354 1458 Sor.
371 1405 399 1459 io
415 1403 563 1458 Tusculano
582 1405 612 1456 A.
626 1404 659 1456 V·
678 1404 706 1457 C.
727 1403 873 1471 nccvlu,
892 1420 979 1456 mensa
997 1404 1067 1474 Sept.
1086 1404 1173 1455 inrua.

416 1599 562 1666 CICERO
586 1600 630 1664 Μ.
654 1599 771 1665 FABlO
797 1598 935 1668 GALLO
961 1601 991 1664 S.
1015 1600 1053 1664 D.

280 1812 390 1908 Quod
415 1812 633 1914 epistolam¹
660 1807 873 1887 conscissam
901 1811 1017 1911 doles,
1043 1813 1116 1886 noli
1141 1812 1241 1888 labo·

229 1963 325 2014 rare:
349 1938 446 2013 salva
472 1951 541 2038 est3
566 1938 674 2012 domo
700 1951 828 2038 petes²
848 1965 956 2040 quum
979 1938 1112 2012 libebit.
1132 1941 1241 2032 Quod

229 2077 349 2137 autem
374 2090 431 2137 me
455 2088 580 2138 mones
598 2065 624 2163 ³,
657 2062 760 2137 valde
794 2078 930 2162 gratum
956 2078 1031 2137 est:
1065 2064 1173 2164 idque
1200 2080 1241 2138 ut

229 2213 370 2290 semper
405 2190 533 2292 facias,
565 2216 661 2289 rogo.
687 2189 829 2264 Videris
862 2192 956 2263 enim
988 2189 1075 2264 mihi
1108 2193 1241 2290 vereri,

229 2339 293 2414 ne,
317 2315 385 2389 nisi
410 2316 518 2390 istum
542 2316 767 2390 habuerimus
785 2316 813 2416 l,
837 2316 1013 2390 rideamus
1035 2321 1148 2409 γέλωτα
1165 2347 1241 2408 σαρ-

229 2440 326 2511 δόνιον
342 2443 367 2515 ⁸.
395 2441 466 2516 Sed
490 2443 578 2517 heus
604 2457 666 2543 tu,
691 2468 834 2516 manum
861 2442 906 2515 de
931 2441 1051 2515 tabula
1069 2446 1093 2516 ⁶.
1127 2443 1239 2540 Magi-

229 2577 302 2640 ster
327 2566 427 2640 adest
452 2569 574 2667 citius,
599 2596 705 2669 quam
730 2583 945 2668 putaremus.
970 2568 1106 2640 Vereor
1132 2594 1175 2639 ne
1202 2571 1239 2639 in

229 2690 419 2765 Cotonium
444 2695 647 2766 Catoninos.
674 2694 724 2766 Mi
752 2692 876 2792 Galle,
902 2719 987 2767 cave
1014 2708 1117 2793 putes
1145 2696 1240 2794 quic·

229 2840 335 2916 quam
360 2815 500 2916 melius,
526 2845 631 2920 quam
657 2818 827 2918 epistolae
854 2833 935 2891 tuae
959 2832 1095 2918 partem
1123 2820 1166 2890 ab
1194 2846 1237 2894 eo

226 2937 328 3012 loco:
353 2955 468 3014 cetera
496 2941 680 3015 labuntur.
716 2945 858 3016 Secreto
892 2943 963 3016 hoc
994 2943 1093 3042 audi,
1120 2958 1236 3017 tecum

226 3061 396 3162 habetor,
421 3094 466 3140 ne
491 3067 636 3168 Apellae
664 3069 824 3170 quidem,
851 3068 978 3142 liberto
1006 3085 1083 3168 tac,
1101 3070 1237 3143 dixeris.

226 3188 371 3264 Praeter
397 3191 495 3265 duo⁸
522 3220 604 3292 nos,
629 3194 785 3295 loquitur
810 3196 878 3267 isto
904 3195 1013 3267 modo
1040 3220 1161 3267 nemo:
1178 3195 1239 3266 he·

226 3317 468 3417 ne‚male11e,
495 3320 617 3393 videro
634 3338 658 3393 9:
685 3321 764 3418 sed,
790 3321 958 3428 quicquid
984 3335 1051 3419 est,
1076 3334 1237 3392 nostrum

227 3453 282 3514 est
295 3458 334 3514 ¹⁰.
352 3445 446 3544 Vrge
463 3447 583 3544 igitur:
600 3472 666 3518 nec
686 3461 921 3519 transversum
947 3471 1101 3544 unguem
1118 3455 1129 3531 (
1139 3448 1236 3546 quod

227 3567 343 3658 aiunt)
370 3595 389 3642 a
416 3570 496 3644 stilo
516 3587 554 3641 ¹¹.
581 3573 615 3644 Is
642 3575 734 3644 enim
762 3586 815 3644 est
842 3572 984 3644 dicendi
1018 3571 1142 3670 opifex.
1171 3574 1233 3643 At·

227 3715 295 3791 que
321 3695 484 3794 equidem
511 3695 726 3797 aliquantum
762 3701 829 3770 iam
864 3700 966 3770 etiam
995 3698 1108 3770 noctis
1135 3725 1230 3768 assu·

227 3841 287 3891 mo
308 3835 345 3890 ¹².
372 3822 469 3895 Vale.
