<?xml version="1.0" encoding="UTF-8"?>
<!DOCTYPE html PUBLIC "-//W3C//DTD XHTML 1.0 Transitional//EN"
    "http://www.w3.org/TR/xhtml1/DTD/xhtml1-transitional.dtd">
<html xmlns="http://www.w3.org/1999/xhtml" xml:lang="en" lang="en">
 <head>
  <title>
</title>
<meta http-equiv="Content-Type" content="text/html;charset=utf-8" />
  <meta name='ocr-system' content='tesseract 3.04.00' />
  <meta name='ocr-capabilities' content='ocr_page ocr_carea ocr_par ocr_line ocrx_word'/>
</head>
<body>
  <div class='ocr_page' id='page_1' title='image "./mtulliiciceroni11cicegoog/mtulliiciceroni11cicegoog_0490.png"; bbox 0 0 2648 4822; ppageno 0'>
   <div class='ocr_carea' id='block_1_1' title="bbox 482 437 1112 530">
    <p class='ocr_par' dir='ltr' id='par_1_1' title="bbox 482 437 1112 530">
     <span class='ocr_line' id='line_1_1' title="bbox 482 437 1112 530; baseline 0 -26"><span class='ocrx_word' id='word_1_1' title='bbox 482 458 520 505; x_wconf 83' lang='lat' dir='ltr'><strong>ru</strong></span> <span class='ocrx_word' id='word_1_2' title='bbox 545 455 733 506; x_wconf 82' lang='lat' dir='ltr'><strong>csrsronss</strong></span> <span class='ocrx_word' id='word_1_3' title='bbox 1039 437 1112 530; x_wconf 74' lang='grc'><strong>483</strong></span> 
     </span>
    </p>
   </div>
   <div class='ocr_carea' id='block_1_2' title="bbox 97 557 1113 1716">
    <p class='ocr_par' dir='ltr' id='par_1_2' title="bbox 97 557 1113 1716">
     <span class='ocr_line' id='line_1_2' title="bbox 148 557 1113 645; baseline 0.003 -24"><span class='ocrx_word' id='word_1_4' title='bbox 148 576 241 621; x_wconf 83' lang='lat' dir='ltr'><strong>terum</strong></span> <span class='ocrx_word' id='word_1_5' title='bbox 261 557 356 638; x_wconf 88' lang='lat' dir='ltr'><strong>liber,</strong></span> <span class='ocrx_word' id='word_1_6' title='bbox 384 558 502 618; x_wconf 87' lang='lat' dir='ltr'><strong>Tironis</strong></span> <span class='ocrx_word' id='word_1_7' title='bbox 523 568 553 618; x_wconf 89' lang='lat' dir='ltr'><strong>et</strong></span> <span class='ocrx_word' id='word_1_8' title='bbox 573 558 703 619; x_wconf 80' lang='lat' dir='ltr'>Senecae</span> <span class='ocrx_word' id='word_1_9' title='bbox 724 578 833 618; x_wconf 89' lang='lat' dir='ltr'><strong>nomen</strong></span> <span class='ocrx_word' id='word_1_10' title='bbox 854 580 925 640; x_wconf 87' lang='lat' dir='ltr'><strong>pree</strong></span> <span class='ocrx_word' id='word_1_11' title='bbox 947 582 977 621; x_wconf 87' lang='lat' dir='ltr'><strong>se</strong></span> <span class='ocrx_word' id='word_1_12' title='bbox 999 561 1113 645; x_wconf 87' lang='lat' dir='ltr'><strong>ferens,</strong></span> 
     </span>
     <span class='ocr_line' id='line_1_3' title="bbox 148 664 1113 754; baseline 0.002 -27"><span class='ocrx_word' id='word_1_13' title='bbox 148 667 245 728; x_wconf 86' lang='lat' dir='ltr'><strong>editus</strong></span> <span class='ocrx_word' id='word_1_14' title='bbox 273 664 335 726; x_wconf 84' lang='lat' dir='ltr'><strong>al.</strong></span> <span class='ocrx_word' id='word_1_15' title='bbox 357 665 504 747; x_wconf 76' lang='lat' dir='ltr'><strong>Gentem,</strong></span> <span class='ocrx_word' id='word_1_16' title='bbox 536 676 566 725; x_wconf 93' lang='lat' dir='ltr'><strong>et</strong></span> <span class='ocrx_word' id='word_1_17' title='bbox 595 683 705 746; x_wconf 79' lang='lat' dir='ltr'><strong>magno</strong></span> <span class='ocrx_word' id='word_1_18' title='bbox 737 665 963 748; x_wconf 87' lang='lat' dir='ltr'><strong>lnscriptionum</strong></span> <span class='ocrx_word' id='word_1_19' title='bbox 994 676 1113 754; x_wconf 81' lang='lat' dir='ltr'><strong>corpori</strong></span> 
     </span>
     <span class='ocr_line' id='line_1_4' title="bbox 148 771 1111 855; baseline 0.006 -22"><span class='ocrx_word' id='word_1_20' title='bbox 148 774 305 835; x_wconf 89' lang='lat' dir='ltr'><strong>subiectus.</strong></span> <span class='ocrx_word' id='word_1_21' title='bbox 329 771 434 834; x_wconf 73' lang='lat' dir='ltr'><strong>Graes.</strong></span> <span class='ocrx_word' id='word_1_22' title='bbox 454 771 560 833; x_wconf 82' lang='lat' dir='ltr'><strong>Exstat</strong></span> <span class='ocrx_word' id='word_1_23' title='bbox 584 774 673 833; x_wconf 86' lang='lat' dir='ltr'><strong>etiarn</strong></span> <span class='ocrx_word' id='word_1_24' title='bbox 693 772 896 855; x_wconf 84' lang='lat' dir='ltr'><strong>Alphebetum</strong></span> <span class='ocrx_word' id='word_1_25' title='bbox 916 775 1111 840; x_wconf 86' lang='lat' dir='ltr'><strong>Tironianum</strong></span> 
     </span>
     <span class='ocr_line' id='line_1_5' title="bbox 97 879 1113 963; baseline 0.005 -21"><span class='ocrx_word' id='word_1_26' title='bbox 97 912 98 916; x_wconf 65' lang='lat'>,</span> <span class='ocrx_word' id='word_1_27' title='bbox 148 882 351 963; x_wconf 84' lang='lat' dir='ltr'><strong>aCerpentier</strong></span> <span class='ocrx_word' id='word_1_28' title='bbox 364 879 487 941; x_wconf 87' lang='lat' dir='ltr'><strong>editum.</strong></span> <span class='ocrx_word' id='word_1_29' title='bbox 500 880 598 941; x_wconf 84' lang='lat' dir='ltr'><strong>Notae</strong></span> <span class='ocrx_word' id='word_1_30' title='bbox 618 880 685 940; x_wconf 77' lang='lat' dir='ltr'><strong>ient</strong></span> <span class='ocrx_word' id='word_1_31' title='bbox 701 880 798 960; x_wconf 57' lang='lat' dir='ltr'><strong>signo,</strong></span> <span class='ocrx_word' id='word_1_32' title='bbox 815 883 941 963; x_wconf 83' lang='lat' dir='ltr'><strong>quaein</strong></span> <span class='ocrx_word' id='word_1_33' title='bbox 953 885 1073 945; x_wconf 70' lang='lat' dir='ltr'><strong>meatus</strong></span> <span class='ocrx_word' id='word_1_34' title='bbox 1085 901 1113 948; x_wconf 85' lang='lat' dir='ltr'><strong>et</strong></span> 
     </span>
     <span class='ocr_line' id='line_1_6' title="bbox 148 989 1112 1070; baseline 0.005 -22"><span class='ocrx_word' id='word_1_35' title='bbox 148 989 279 1050; x_wconf 70' lang='lat' dir='ltr'><strong>omibus</strong></span> <span class='ocrx_word' id='word_1_36' title='bbox 302 989 413 1070; x_wconf 72' lang='lat' dir='ltr'><strong>figuris</strong></span> <span class='ocrx_word' id='word_1_37' title='bbox 433 989 593 1049; x_wconf 68' lang='lat' dir='ltr'><strong>multonem</strong></span> <span class='ocrx_word' id='word_1_38' title='bbox 613 989 763 1049; x_wconf 74' lang='lat' dir='ltr'><strong>serarum</strong></span> <span class='ocrx_word' id='word_1_39' title='bbox 785 991 842 1048; x_wconf 68' lang='lat' dir='ltr'><strong>um</strong></span> <span class='ocrx_word' id='word_1_40' title='bbox 861 990 1013 1051; x_wconf 72' lang='lat' dir='ltr'><strong>conemur„</strong></span> <span class='ocrx_word' id='word_1_41' title='bbox 1044 992 1112 1053; x_wconf 84' lang='lat' dir='ltr'><strong>Pri-</strong></span> 
     </span>
     <span class='ocr_line' id='line_1_7' title="bbox 100 1095 1111 1161; baseline 0.004 -4"><span class='ocrx_word' id='word_1_42' title='bbox 100 1141 102 1144; x_wconf 49' lang='lat'>&lt;</span> <span class='ocrx_word' id='word_1_43' title='bbox 150 1117 232 1157; x_wconf 88' lang='lat' dir='ltr'><strong>mum</strong></span> <span class='ocrx_word' id='word_1_44' title='bbox 254 1096 428 1157; x_wconf 86' lang='lat' dir='ltr'>Ciceronem</span> <span class='ocrx_word' id='word_1_45' title='bbox 450 1117 469 1157; x_wconf 93' lang='lat' dir='ltr'><strong>a</strong></span> <span class='ocrx_word' id='word_1_46' title='bbox 489 1096 611 1157; x_wconf 85' lang='lat' dir='ltr'><strong>Graecis</strong></span> <span class='ocrx_word' id='word_1_47' title='bbox 624 1095 664 1155; x_wconf 83' lang='lat' dir='ltr'><strong>ed</strong></span> <span class='ocrx_word' id='word_1_48' title='bbox 678 1095 828 1156; x_wconf 82' lang='lat' dir='ltr'><strong>Romanos</strong></span> <span class='ocrx_word' id='word_1_49' title='bbox 849 1108 944 1158; x_wconf 81' lang='lat' dir='ltr'><strong>artem</strong></span> <span class='ocrx_word' id='word_1_50' title='bbox 964 1098 1111 1161; x_wconf 88' lang='lat' dir='ltr'><strong>scribendi</strong></span> 
     </span>
     <span class='ocr_line' id='line_1_8' title="bbox 149 1201 1112 1286; baseline 0.002 -22"><span class='ocrx_word' id='word_1_51' title='bbox 149 1225 203 1286; x_wconf 85' lang='lat' dir='ltr'><strong>per</strong></span> <span class='ocrx_word' id='word_1_52' title='bbox 223 1214 308 1264; x_wconf 87' lang='lat' dir='ltr'><strong>notas</strong></span> <span class='ocrx_word' id='word_1_53' title='bbox 327 1204 528 1283; x_wconf 71' lang='lat' dir='ltr'><strong>transtulisse,</strong></span> <span class='ocrx_word' id='word_1_54' title='bbox 558 1225 596 1265; x_wconf 80' lang='lat' dir='ltr'><strong>ex</strong></span> <span class='ocrx_word' id='word_1_55' title='bbox 625 1203 684 1264; x_wconf 91' lang='lat' dir='ltr'><strong>boc</strong></span> <span class='ocrx_word' id='word_1_56' title='bbox 703 1203 770 1264; x_wconf 91' lang='lat' dir='ltr'><strong>loeo</strong></span> <span class='ocrx_word' id='word_1_57' title='bbox 790 1201 899 1286; x_wconf 84' lang='lat' dir='ltr'><strong>probet</strong></span> <span class='ocrx_word' id='word_1_58' title='bbox 919 1205 1112 1286; x_wconf 83' lang='lat' dir='ltr'><strong>Marcellius,</strong></span> 
     </span>
     <span class='ocr_line' id='line_1_9' title="bbox 149 1310 1113 1397; baseline 0.004 -26"><span class='ocrx_word' id='word_1_59' title='bbox 149 1321 240 1393; x_wconf 89' lang='lat' dir='ltr'><strong>atque</strong></span> <span class='ocrx_word' id='word_1_60' title='bbox 261 1331 295 1372; x_wconf 80' lang='lat' dir='ltr'><strong>ex</strong></span> <span class='ocrx_word' id='word_1_61' title='bbox 316 1311 366 1372; x_wconf 89' lang='lat' dir='ltr'><strong>illo</strong></span> <span class='ocrx_word' id='word_1_62' title='bbox 385 1310 537 1372; x_wconf 81' lang='lat' dir='ltr'>Plutarchi</span> <span class='ocrx_word' id='word_1_63' title='bbox 558 1314 589 1371; x_wconf 89' lang='lat' dir='ltr'><strong>in</strong></span> <span class='ocrx_word' id='word_1_64' title='bbox 609 1311 674 1372; x_wconf 81' lang='lat' dir='ltr'><strong>Cat.</strong></span> <span class='ocrx_word' id='word_1_65' title='bbox 695 1313 765 1372; x_wconf 87' lang='lat' dir='ltr'><strong>min.</strong></span> <span class='ocrx_word' id='word_1_66' title='bbox 786 1333 816 1394; x_wconf 89' lang='lat' dir='ltr'><strong>p.</strong></span> <span class='ocrx_word' id='word_1_67' title='bbox 839 1333 913 1392; x_wconf 86' lang='lat'>770:</span> <span class='ocrx_word' id='word_1_68' title='bbox 934 1312 1027 1397; x_wconf 68' lang='lat' dir='ltr'><strong>Hanc</strong></span> <span class='ocrx_word' id='word_1_69' title='bbox 1047 1316 1113 1375; x_wconf 85' lang='lat' dir='ltr'><strong>uni·</strong></span> 
     </span>
     <span class='ocr_line' id='line_1_10' title="bbox 147 1399 1112 1503; baseline 0.001 -23"><span class='ocrx_word' id='word_1_70' title='bbox 147 1439 217 1480; x_wconf 88' lang='lat' dir='ltr'><strong>eom</strong></span> <span class='ocrx_word' id='word_1_71' title='bbox 239 1418 361 1480; x_wconf 81' lang='lat' dir='ltr'><strong>Catonis</strong></span> <span class='ocrx_word' id='word_1_72' title='bbox 380 1420 544 1480; x_wconf 81' lang='lat' dir='ltr'><strong>orationem</strong></span> <span class='ocrx_word' id='word_1_73' title='bbox 564 1419 626 1503; x_wconf 90' lang='lat' dir='ltr'><strong>(de</strong></span> <span class='ocrx_word' id='word_1_74' title='bbox 654 1422 813 1481; x_wconf 90' lang='lat' dir='ltr'><strong>coniuratis</strong></span> <span class='ocrx_word' id='word_1_75' title='bbox 843 1399 1041 1500; x_wconf 71' lang='lat' dir='ltr'><strong>Catilinas-iis)</strong></span> <span class='ocrx_word' id='word_1_76' title='bbox 1061 1443 1112 1481; x_wconf 82' lang='lat' dir='ltr'><strong>su·</strong></span> 
     </span>
     <span class='ocr_line' id='line_1_11' title="bbox 145 1525 1112 1609; baseline 0 -23"><span class='ocrx_word' id='word_1_77' title='bbox 145 1546 263 1606; x_wconf 78' lang='lat' dir='ltr'><strong>peresse</strong></span> <span class='ocrx_word' id='word_1_78' title='bbox 280 1525 448 1608; x_wconf 73' lang='lat' dir='ltr'><strong><em>perhibent,</em></strong></span> <span class='ocrx_word' id='word_1_79' title='bbox 480 1526 565 1609; x_wconf 82' lang='lat' dir='ltr'><strong>quod</strong></span> <span class='ocrx_word' id='word_1_80' title='bbox 592 1526 693 1587; x_wconf 78' lang='lat' dir='ltr'><strong>Cicero</strong></span> <span class='ocrx_word' id='word_1_81' title='bbox 725 1527 843 1607; x_wconf 83' lang='lat' dir='ltr'><strong>consul,</strong></span> <span class='ocrx_word' id='word_1_82' title='bbox 871 1525 1112 1609; x_wconf 71' lang='lat' dir='ltr'><em>expeditissimos</em></span> 
     </span>
     <span class='ocr_line' id='line_1_12' title="bbox 149 1600 1112 1716; baseline 0.005 -24"><span class='ocrx_word' id='word_1_83' title='bbox 149 1633 265 1694; x_wconf 80' lang='lat' dir='ltr'><strong>scribas</strong></span> <span class='ocrx_word' id='word_1_84' title='bbox 284 1647 353 1694; x_wconf 73' lang='lat' dir='ltr'><strong>astte</strong></span> <span class='ocrx_word' id='word_1_85' title='bbox 372 1633 520 1695; x_wconf 85' lang='lat' dir='ltr'><strong>docuisset</strong></span> <span class='ocrx_word' id='word_1_86' title='bbox 538 1600 769 1696; x_wconf 75' lang='lat' dir='ltr'><strong>rlotoss-inde</strong></span> <span class='ocrx_word' id='word_1_87' title='bbox 781 1635 877 1696; x_wconf 70' lang='lat' dir='ltr'><strong>aliun</strong></span> <span class='ocrx_word' id='word_1_88' title='bbox 895 1634 971 1696; x_wconf 73' lang='lat' dir='ltr'><strong>alibi</strong></span> <span class='ocrx_word' id='word_1_89' title='bbox 990 1634 1112 1716; x_wconf 85' lang='lat' dir='ltr'><strong>(orante</strong></span> 
     </span>
    </p>
   </div>
   <div class='ocr_carea' id='block_1_3' title="bbox 29 1737 1113 2358">
    <p class='ocr_par' dir='ltr' id='par_1_3' title="bbox 148 1737 1112 1824">
     <span class='ocr_line' id='line_1_13' title="bbox 148 1737 1112 1824; baseline 0.003 -26"><span class='ocrx_word' id='word_1_90' title='bbox 148 1737 286 1820; x_wconf 82' lang='lat' dir='ltr'><strong>Catone)</strong></span> <span class='ocrx_word' id='word_1_91' title='bbox 300 1742 417 1823; x_wconf 83' lang='lat' dir='ltr'><strong>passim</strong></span> <span class='ocrx_word' id='word_1_92' title='bbox 432 1743 463 1802; x_wconf 81' lang='lat' dir='ltr'><strong>in</strong></span> <span class='ocrx_word' id='word_1_93' title='bbox 475 1756 579 1804; x_wconf 82' lang='lat' dir='ltr'><strong>senatu</strong></span> <span class='ocrx_word' id='word_1_94' title='bbox 590 1743 762 1824; x_wconf 82' lang='lat' dir='ltr'><strong>scriptorem</strong></span> <span class='ocrx_word' id='word_1_95' title='bbox 774 1741 960 1804; x_wconf 78' lang='lat' dir='ltr'><strong>collocasset</strong></span> <span class='ocrx_word' id='word_1_96' title='bbox 972 1740 1112 1802; x_wconf 87' lang='lat' dir='ltr'><strong>Nondum</strong></span> 
     </span>
    </p>

    <p class='ocr_par' dir='ltr' id='par_1_4' title="bbox 148 1847 1113 1931">
     <span class='ocr_line' id='line_1_14' title="bbox 148 1847 1113 1931; baseline 0.001 -24"><span class='ocrx_word' id='word_1_97' title='bbox 148 1848 228 1907; x_wconf 89' lang='lat' dir='ltr'><strong>enim</strong></span> <span class='ocrx_word' id='word_1_98' title='bbox 253 1849 299 1906; x_wconf 90' lang='lat' dir='ltr'><strong>usi</strong></span> <span class='ocrx_word' id='word_1_99' title='bbox 326 1847 466 1931; x_wconf 75' lang='lat' dir='ltr'><strong>fixerant,</strong></span> <span class='ocrx_word' id='word_1_100' title='bbox 492 1869 590 1930; x_wconf 86' lang='lat' dir='ltr'><strong>neque</strong></span> <span class='ocrx_word' id='word_1_101' title='bbox 609 1847 764 1909; x_wconf 89' lang='lat' dir='ltr'><strong>habebant</strong></span> <span class='ocrx_word' id='word_1_102' title='bbox 782 1859 942 1927; x_wconf 73' lang='lat' dir='ltr'><strong>nemnem,</strong></span> <span class='ocrx_word' id='word_1_103' title='bbox 961 1866 1038 1929; x_wconf 90' lang='lat' dir='ltr'><strong>quos</strong></span> <span class='ocrx_word' id='word_1_104' title='bbox 1056 1866 1113 1908; x_wconf 81' lang='lat' dir='ltr'><strong>vo-</strong></span> 
     </span>
    </p>

    <p class='ocr_par' dir='ltr' id='par_1_5' title="bbox 29 1943 1110 2143">
     <span class='ocr_line' id='line_1_15' title="bbox 29 1943 1110 2038; baseline 0.003 -26"><span class='ocrx_word' id='word_1_105' title='bbox 29 1943 31 1945; x_wconf 30' lang='lat'><em>*</em></span> <span class='ocrx_word' id='word_1_106' title='bbox 148 1963 237 2036; x_wconf 85' lang='lat' dir='ltr'><strong>eant,</strong></span> <span class='ocrx_word' id='word_1_107' title='bbox 267 1955 447 2038; x_wconf 76' lang='lat' dir='ltr'><strong>scriptores3</strong></span> <span class='ocrx_word' id='word_1_108' title='bbox 477 1955 531 2017; x_wconf 90' lang='lat' dir='ltr'><strong>sed</strong></span> <span class='ocrx_word' id='word_1_109' title='bbox 559 1966 632 2016; x_wconf 76' lang='lat' dir='ltr'><strong>trane</strong></span> <span class='ocrx_word' id='word_1_110' title='bbox 661 1959 792 2038; x_wconf 89' lang='lat' dir='ltr'><strong>primum</strong></span> <span class='ocrx_word' id='word_1_111' title='bbox 818 1954 979 2016; x_wconf 79' lang='lat' dir='ltr'><strong>obtinuisse</strong></span> <span class='ocrx_word' id='word_1_112' title='bbox 999 1954 1110 2015; x_wconf 89' lang='lat' dir='ltr'><strong>dieunt.</strong></span> 
     </span>
     <span class='ocr_line' id='line_1_16' title="bbox 147 2057 1109 2143; baseline 0.002 -24"><span class='ocrx_word' id='word_1_113' title='bbox 147 2057 226 2121; x_wconf 85' lang='lat' dir='ltr'><strong>Vide</strong></span> <span class='ocrx_word' id='word_1_114' title='bbox 245 2060 379 2122; x_wconf 84' lang='lat' dir='ltr'><strong>Moreelll</strong></span> <span class='ocrx_word' id='word_1_115' title='bbox 400 2063 489 2124; x_wconf 79' lang='lat' dir='ltr'><strong>Delio</strong></span> <span class='ocrx_word' id='word_1_116' title='bbox 510 2062 640 2123; x_wconf 74' lang='lat' dir='ltr'><strong>Scrivere</strong></span> <span class='ocrx_word' id='word_1_117' title='bbox 659 2062 740 2143; x_wconf 77' lang='lat' dir='ltr'><strong>degli</strong></span> <span class='ocrx_word' id='word_1_118' title='bbox 756 2062 826 2123; x_wconf 81' lang='lat' dir='ltr'><strong>Ant.</strong></span> <span class='ocrx_word' id='word_1_119' title='bbox 846 2063 932 2123; x_wconf 84' lang='lat' dir='ltr'><strong>Ilom.</strong></span> <span class='ocrx_word' id='word_1_120' title='bbox 959 2057 1035 2122; x_wconf 85' lang='lat' dir='ltr'><strong>Diss.</strong></span> <span class='ocrx_word' id='word_1_121' title='bbox 1057 2060 1109 2122; x_wconf 88' lang='lat' dir='ltr'><strong>lV.</strong></span> 
     </span>
    </p>

    <p class='ocr_par' dir='ltr' id='par_1_6' title="bbox 113 2164 1112 2358">
     <span class='ocr_line' id='line_1_17' title="bbox 113 2164 1112 2251; baseline 0.001 -25"><span class='ocrx_word' id='word_1_122' title='bbox 113 2184 149 2226; x_wconf 89' lang='grc' dir='ltr'><strong>ιο</strong></span> <span class='ocrx_word' id='word_1_123' title='bbox 168 2165 289 2248; x_wconf 74' lang='lat' dir='ltr'><strong>Annali3</strong></span> <span class='ocrx_word' id='word_1_124' title='bbox 310 2189 357 2251; x_wconf 86' lang='lat' dir='ltr'><strong>ep.</strong></span> <span class='ocrx_word' id='word_1_125' title='bbox 378 2164 477 2247; x_wconf 85' lang='lat' dir='ltr'>DXC‚</span> <span class='ocrx_word' id='word_1_126' title='bbox 496 2170 524 2230; x_wconf 81' lang='lat' dir='ltr'><strong>s.</strong></span> <span class='ocrx_word' id='word_1_127' title='bbox 545 2170 661 2235; x_wconf 85' lang='lat' dir='ltr'><strong>Gnaeos</strong></span> <span class='ocrx_word' id='word_1_128' title='bbox 676 2167 782 2241; x_wconf 69' lang='grc' dir='ltr'><strong><em>φρόσκ·</em></strong></span> <span class='ocrx_word' id='word_1_129' title='bbox 799 2167 1013 2230; x_wconf 71' lang='grc' dir='ltr'><strong>θοηηιί.(ἶο(1.</strong></span> <span class='ocrx_word' id='word_1_130' title='bbox 1034 2167 1112 2228; x_wconf 86' lang='lat' dir='ltr'><strong>Gra-</strong></span> 
     </span>
     <span class='ocr_line' id='line_1_18' title="bbox 147 2256 1110 2358; baseline 0.003 -24"><span class='ocrx_word' id='word_1_131' title='bbox 147 2271 277 2335; x_wconf 83' lang='lat' dir='ltr'><strong>nuellsni</strong></span> <span class='ocrx_word' id='word_1_132' title='bbox 297 2275 380 2357; x_wconf 85' lang='lat' dir='ltr'><strong>apud</strong></span> <span class='ocrx_word' id='word_1_133' title='bbox 398 2274 539 2358; x_wconf 77' lang='lat' dir='ltr'><strong>Pigbium</strong></span> <span class='ocrx_word' id='word_1_134' title='bbox 560 2277 618 2358; x_wconf 85' lang='lat' dir='ltr'><strong>(ad</strong></span> <span class='ocrx_word' id='word_1_135' title='bbox 638 2297 685 2337; x_wconf 88' lang='lat' dir='ltr'><strong>an.</strong></span> <span class='ocrx_word' id='word_1_136' title='bbox 706 2256 838 2354; x_wconf 77' lang='lat' dir='ltr'><strong>Dcxx)</strong></span> <span class='ocrx_word' id='word_1_137' title='bbox 859 2275 947 2358; x_wconf 84' lang='lat' dir='ltr'><strong>plene</strong></span> <span class='ocrx_word' id='word_1_138' title='bbox 965 2274 1057 2335; x_wconf 83' lang='lat' dir='ltr'><strong>babet</strong></span> <span class='ocrx_word' id='word_1_139' title='bbox 1078 2275 1110 2337; x_wconf 81' lang='lat' dir='ltr'><strong>in</strong></span> 
     </span>
    </p>
   </div>
   <div class='ocr_carea' id='block_1_4' title="bbox 111 2379 1115 3741">
    <p class='ocr_par' dir='ltr' id='par_1_7' title="bbox 148 2379 456 2456">
     <span class='ocr_line' id='line_1_19' title="bbox 148 2379 456 2456; baseline 0.006 -14"><span class='ocrx_word' id='word_1_140' title='bbox 148 2379 271 2442; x_wconf 76' lang='lat' dir='ltr'><strong>Libonis</strong></span> <span class='ocrx_word' id='word_1_141' title='bbox 290 2383 405 2444; x_wconf 72' lang='lat' dir='ltr'><strong>annau</strong></span> <span class='ocrx_word' id='word_1_142' title='bbox 449 2448 456 2456; x_wconf 58' lang='lat'><strong>,</strong></span> 
     </span>
    </p>

    <p class='ocr_par' dir='ltr' id='par_1_8' title="bbox 111 2475 1115 3622">
     <span class='ocr_line' id='line_1_20' title="bbox 111 2475 1115 2572; baseline -0.001 -25"><span class='ocrx_word' id='word_1_143' title='bbox 111 2508 143 2548; x_wconf 83' lang='lat' dir='ltr'><strong>ss</strong></span> <span class='ocrx_word' id='word_1_144' title='bbox 167 2487 319 2550; x_wconf 80' lang='lat' dir='ltr'><strong>Pelendae</strong></span> <span class='ocrx_word' id='word_1_145' title='bbox 340 2489 495 2551; x_wconf 76' lang='lat' dir='ltr'><strong>aedilitatis</strong></span> <span class='ocrx_word' id='word_1_146' title='bbox 514 2509 609 2551; x_wconf 85' lang='lat' dir='ltr'><strong>annus</strong></span> <span class='ocrx_word' id='word_1_147' title='bbox 621 2488 755 2551; x_wconf 77' lang='lat' dir='ltr'><strong>xxxvl</strong></span> <span class='ocrx_word' id='word_1_148' title='bbox 762 2530 777 2571; x_wconf 88' lang='lat'>‚</span> <span class='ocrx_word' id='word_1_149' title='bbox 784 2499 943 2572; x_wconf 67' lang='lat' dir='ltr'><strong>praeterae</strong></span> <span class='ocrx_word' id='word_1_150' title='bbox 956 2487 1091 2546; x_wconf 69' lang='lat' dir='ltr'><strong>xxxix</strong></span> <span class='ocrx_word' id='word_1_151' title='bbox 1099 2475 1115 2568; x_wconf 44' lang='lat'><strong>3&#39;</strong></span> 
     </span>
     <span class='ocr_line' id='line_1_21' title="bbox 147 2591 1112 2678; baseline -0.002 -24"><span class='ocrx_word' id='word_1_152' title='bbox 147 2591 316 2671; x_wconf 76' lang='lat' dir='ltr'><strong>conoslatus</strong></span> <span class='ocrx_word' id='word_1_153' title='bbox 336 2597 438 2678; x_wconf 78' lang='lat' dir='ltr'>XL113</span> <span class='ocrx_word' id='word_1_154' title='bbox 463 2607 499 2657; x_wconf 91' lang='lat' dir='ltr'><strong>ut</strong></span> <span class='ocrx_word' id='word_1_155' title='bbox 525 2598 601 2658; x_wconf 89' lang='lat' dir='ltr'><strong>inter</strong></span> <span class='ocrx_word' id='word_1_156' title='bbox 632 2596 750 2656; x_wconf 87' lang='lat' dir='ltr'><strong>curules</strong></span> <span class='ocrx_word' id='word_1_157' title='bbox 768 2598 958 2675; x_wconf 79' lang='lat' dir='ltr'><strong>magistratus</strong></span> <span class='ocrx_word' id='word_1_158' title='bbox 978 2592 1032 2674; x_wconf 86' lang='lat' dir='ltr'><strong>(hi</strong></span> <span class='ocrx_word' id='word_1_159' title='bbox 1052 2593 1112 2653; x_wconf 76' lang='lat' dir='ltr'><strong>tris</strong></span> 
     </span>
     <span class='ocr_line' id='line_1_22' title="bbox 146 2693 1111 2784; baseline 0 -23"><span class='ocrx_word' id='word_1_160' title='bbox 146 2701 226 2761; x_wconf 88' lang='lat' dir='ltr'><strong>enim</strong></span> <span class='ocrx_word' id='word_1_161' title='bbox 246 2693 424 2764; x_wconf 86' lang='lat' dir='ltr'><strong>dicebantur</strong></span> <span class='ocrx_word' id='word_1_162' title='bbox 443 2702 580 2784; x_wconf 72' lang='lat' dir='ltr'><strong>eunte)</strong></span> <span class='ocrx_word' id='word_1_163' title='bbox 592 2703 747 2763; x_wconf 85' lang='lat' dir='ltr'><strong>biennium</strong></span> <span class='ocrx_word' id='word_1_164' title='bbox 767 2704 932 2764; x_wconf 84' lang='lat' dir='ltr'><strong>necessario</strong></span> <span class='ocrx_word' id='word_1_165' title='bbox 952 2704 1111 2761; x_wconf 81' lang='lat' dir='ltr'><strong>interesset</strong></span> 
     </span>
     <span class='ocr_line' id='line_1_23' title="bbox 146 2805 1113 2892; baseline -0.002 -24"><span class='ocrx_word' id='word_1_166' title='bbox 146 2806 263 2869; x_wconf 72' lang='lat' dir='ltr'><strong>Manus</strong></span> <span class='ocrx_word' id='word_1_167' title='bbox 294 2809 321 2869; x_wconf 89' lang='lat' dir='ltr'>E</span> <span class='ocrx_word' id='word_1_168' title='bbox 352 2808 449 2891; x_wconf 82' lang='lat' dir='ltr'><strong>Pigbii</strong></span> <span class='ocrx_word' id='word_1_169' title='bbox 481 2810 687 2871; x_wconf 88' lang='lat' dir='ltr'><strong>emendatione</strong></span> <span class='ocrx_word' id='word_1_170' title='bbox 707 2810 768 2892; x_wconf 80' lang='lat' dir='ltr'><strong>(ad</strong></span> <span class='ocrx_word' id='word_1_171' title='bbox 790 2830 816 2869; x_wconf 89' lang='lat' dir='ltr'><strong>a.</strong></span> <span class='ocrx_word' id='word_1_172' title='bbox 837 2805 990 2887; x_wconf 80' lang='lat' dir='ltr'><strong>DCXXl)</strong></span> <span class='ocrx_word' id='word_1_173' title='bbox 1020 2805 1113 2868; x_wconf 83' lang='lat' dir='ltr'><strong>edidit</strong></span> 
     </span>
     <span class='ocr_line' id='line_1_24' title="bbox 150 2912 1113 2998; baseline -0.001 -25"><span class='ocrx_word' id='word_1_174' title='bbox 150 2912 260 2974; x_wconf 74' lang='lat' dir='ltr'><strong>schutz</strong></span> <span class='ocrx_word' id='word_1_175' title='bbox 269 2930 398 2998; x_wconf 82' lang='lat' dir='ltr'><strong>praetor.</strong></span> <span class='ocrx_word' id='word_1_176' title='bbox 413 2918 505 2978; x_wconf 84' lang='lat' dir='ltr'><strong>Recte</strong></span> <span class='ocrx_word' id='word_1_177' title='bbox 525 2938 603 2978; x_wconf 86' lang='lat' dir='ltr'><strong>sane.</strong></span> <span class='ocrx_word' id='word_1_178' title='bbox 625 2919 700 2978; x_wconf 85' lang='lat' dir='ltr'><strong>Nam</strong></span> <span class='ocrx_word' id='word_1_179' title='bbox 720 2926 751 2978; x_wconf 90' lang='lat' dir='ltr'><strong>et</strong></span> <span class='ocrx_word' id='word_1_180' title='bbox 770 2916 819 2976; x_wconf 91' lang='lat' dir='ltr'><strong>bic</strong></span> <span class='ocrx_word' id='word_1_181' title='bbox 839 2919 937 2997; x_wconf 79' lang='lat' dir='ltr'><strong>agitne</strong></span> <span class='ocrx_word' id='word_1_182' title='bbox 957 2912 995 2975; x_wconf 89' lang='lat' dir='ltr'><strong>de</strong></span> <span class='ocrx_word' id='word_1_183' title='bbox 1016 2913 1113 2992; x_wconf 53' lang='lat' dir='ltr'><strong>mem-</strong></span> 
     </span>
     <span class='ocr_line' id='line_1_25' title="bbox 147 3019 1111 3105; baseline -0.001 -26"><span class='ocrx_word' id='word_1_184' title='bbox 147 3019 289 3082; x_wconf 87' lang='lat' dir='ltr'><strong>stratibus</strong></span> <span class='ocrx_word' id='word_1_185' title='bbox 308 3021 482 3105; x_wconf 78' lang='lat' dir='ltr'><strong>curulibus,</strong></span> <span class='ocrx_word' id='word_1_186' title='bbox 512 3027 589 3085; x_wconf 85' lang='lat' dir='ltr'><strong>inter</strong></span> <span class='ocrx_word' id='word_1_187' title='bbox 614 3043 690 3105; x_wconf 90' lang='lat' dir='ltr'><strong>quos</strong></span> <span class='ocrx_word' id='word_1_188' title='bbox 710 3033 870 3105; x_wconf 85' lang='lat' dir='ltr'><strong>quaestura</strong></span> <span class='ocrx_word' id='word_1_189' title='bbox 890 3041 950 3082; x_wconf 95' lang='lat' dir='ltr'><strong>non</strong></span> <span class='ocrx_word' id='word_1_190' title='bbox 969 3040 1111 3086; x_wconf 86' lang='lat' dir='ltr'><strong>numera-</strong></span> 
     </span>
     <span class='ocr_line' id='line_1_26' title="bbox 147 3125 1110 3191; baseline -0.001 -6"><span class='ocrx_word' id='word_1_191' title='bbox 147 3125 256 3187; x_wconf 87' lang='lat' dir='ltr'><strong>batur:</strong></span> <span class='ocrx_word' id='word_1_192' title='bbox 286 3139 318 3190; x_wconf 91' lang='lat' dir='ltr'><strong>et</strong></span> <span class='ocrx_word' id='word_1_193' title='bbox 346 3148 417 3189; x_wconf 90' lang='lat' dir='ltr'><strong>cum</strong></span> <span class='ocrx_word' id='word_1_194' title='bbox 436 3139 551 3191; x_wconf 78' lang='lat' dir='ltr'><strong>veteres</strong></span> <span class='ocrx_word' id='word_1_195' title='bbox 571 3129 732 3191; x_wconf 88' lang='lat' dir='ltr'><strong>initialibus</strong></span> <span class='ocrx_word' id='word_1_196' title='bbox 750 3140 867 3191; x_wconf 89' lang='lat' dir='ltr'><strong>tantum</strong></span> <span class='ocrx_word' id='word_1_197' title='bbox 887 3128 978 3189; x_wconf 81' lang='lat' dir='ltr'><strong>literis</strong></span> <span class='ocrx_word' id='word_1_198' title='bbox 998 3125 1110 3187; x_wconf 87' lang='lat' dir='ltr'><strong>scribe-</strong></span> 
     </span>
     <span class='ocr_line' id='line_1_27' title="bbox 147 3232 1110 3320; baseline -0.001 -28"><span class='ocrx_word' id='word_1_199' title='bbox 147 3243 227 3313; x_wconf 82' lang='lat' dir='ltr'><strong>rent,</strong></span> <span class='ocrx_word' id='word_1_200' title='bbox 242 3234 280 3316; x_wconf 83' lang='lat' dir='ltr'><strong>Q.</strong></span> <span class='ocrx_word' id='word_1_201' title='bbox 293 3255 350 3318; x_wconf 88' lang='lat' dir='ltr'><strong>pro</strong></span> <span class='ocrx_word' id='word_1_202' title='bbox 362 3249 513 3317; x_wconf 80' lang='lat' dir='ltr'><strong>quaestor,</strong></span> <span class='ocrx_word' id='word_1_203' title='bbox 527 3238 562 3297; x_wconf 89' lang='lat' dir='ltr'><strong>P.</strong></span> <span class='ocrx_word' id='word_1_204' title='bbox 576 3257 633 3320; x_wconf 91' lang='lat' dir='ltr'><strong>pro</strong></span> <span class='ocrx_word' id='word_1_205' title='bbox 643 3245 779 3319; x_wconf 77' lang='lat' dir='ltr'><strong>pmetor3</strong></span> <span class='ocrx_word' id='word_1_206' title='bbox 793 3236 870 3298; x_wconf 84' lang='lat' dir='ltr'><strong>facili</strong></span> <span class='ocrx_word' id='word_1_207' title='bbox 882 3236 1002 3318; x_wconf 77' lang='lat' dir='ltr'><strong>negotio</strong></span> <span class='ocrx_word' id='word_1_208' title='bbox 1016 3232 1110 3292; x_wconf 85' lang='lat' dir='ltr'><strong>altera</strong></span> 
     </span>
     <span class='ocr_line' id='line_1_28' title="bbox 147 3338 1108 3426; baseline -0.003 -28"><span class='ocrx_word' id='word_1_209' title='bbox 147 3360 217 3398; x_wconf 89' lang='lat' dir='ltr'><strong>cum</strong></span> <span class='ocrx_word' id='word_1_210' title='bbox 237 3340 330 3401; x_wconf 84' lang='lat' dir='ltr'><strong>ultera</strong></span> <span class='ocrx_word' id='word_1_211' title='bbox 350 3343 380 3401; x_wconf 92' lang='lat' dir='ltr'><strong>in</strong></span> <span class='ocrx_word' id='word_1_212' title='bbox 401 3362 469 3402; x_wconf 86' lang='lat' dir='ltr'><strong>mss.</strong></span> <span class='ocrx_word' id='word_1_213' title='bbox 496 3342 580 3402; x_wconf 89' lang='lat' dir='ltr'><strong>litera</strong></span> <span class='ocrx_word' id='word_1_214' title='bbox 610 3346 788 3404; x_wconf 86' lang='lat' dir='ltr'><strong>commutari</strong></span> <span class='ocrx_word' id='word_1_215' title='bbox 816 3343 923 3426; x_wconf 83' lang='lat' dir='ltr'><strong>potuit</strong></span> <span class='ocrx_word' id='word_1_216' title='bbox 944 3338 1108 3418; x_wconf 76' lang='lat' dir='ltr'><strong>vulgatum</strong></span> 
     </span>
     <span class='ocr_line' id='line_1_29' title="bbox 147 3444 1108 3534; baseline -0.003 -29"><span class='ocrx_word' id='word_1_217' title='bbox 147 3457 247 3506; x_wconf 91' lang='lat' dir='ltr'><strong>tamen</strong></span> <span class='ocrx_word' id='word_1_218' title='bbox 267 3446 399 3509; x_wconf 84' lang='lat' dir='ltr'><strong>defendit</strong></span> <span class='ocrx_word' id='word_1_219' title='bbox 418 3451 440 3510; x_wconf 90' lang='lat' dir='ltr'><strong>l.</strong></span> <span class='ocrx_word' id='word_1_220' title='bbox 462 3450 498 3511; x_wconf 89' lang='lat' dir='ltr'><strong>V.</strong></span> <span class='ocrx_word' id='word_1_221' title='bbox 520 3449 651 3512; x_wconf 88' lang='lat' dir='ltr'><strong>Clericus</strong></span> <span class='ocrx_word' id='word_1_222' title='bbox 671 3451 869 3534; x_wconf 83' lang='lat' dir='ltr'><strong>explanationi</strong></span> <span class='ocrx_word' id='word_1_223' title='bbox 889 3444 1108 3527; x_wconf 73' lang='lat' dir='ltr'><strong>Mongaltianae</strong></span> 
     </span>
     <span class='ocr_line' id='line_1_30' title="bbox 146 3573 401 3622; baseline 0.004 -10"><span class='ocrx_word' id='word_1_224' title='bbox 146 3573 272 3613; x_wconf 76' lang='lat' dir='ltr'><strong>innixus.</strong></span> <span class='ocrx_word' id='word_1_225' title='bbox 397 3611 401 3622; x_wconf 73' lang='grc'>,</span> 
     </span>
    </p>

    <p class='ocr_par' dir='ltr' id='par_1_9' title="bbox 113 3660 609 3741">
     <span class='ocr_line' id='line_1_31' title="bbox 113 3660 609 3741; baseline 0.016 -25"><span class='ocrx_word' id='word_1_226' title='bbox 113 3677 146 3717; x_wconf 80' lang='lat' dir='ltr'><strong>ra</strong></span> <span class='ocrx_word' id='word_1_227' title='bbox 168 3660 250 3741; x_wconf 72' lang='lat' dir='ltr'><strong>Lege</strong></span> <span class='ocrx_word' id='word_1_228' title='bbox 269 3661 443 3724; x_wconf 74' lang='lat' dir='ltr'><strong>nescs&#39;ebont</strong></span> <span class='ocrx_word' id='word_1_229' title='bbox 465 3665 609 3725; x_wconf 87' lang='lat' dir='ltr'><strong>Muretus.</strong></span> 
     </span>
    </p>
   </div>
   <div class='ocr_carea' id='block_1_5' title="bbox 112 3765 1111 3938">
    <p class='ocr_par' dir='ltr' id='par_1_10' title="bbox 112 3765 1111 3938">
     <span class='ocr_line' id='line_1_32' title="bbox 112 3765 1111 3853; baseline 0.003 -30"><span class='ocrx_word' id='word_1_230' title='bbox 112 3765 145 3824; x_wconf 81' lang='lat'><strong>13</strong></span> <span class='ocrx_word' id='word_1_231' title='bbox 166 3766 303 3828; x_wconf 83' lang='lat' dir='ltr'><strong>Fortasse</strong></span> <span class='ocrx_word' id='word_1_232' title='bbox 325 3772 438 3850; x_wconf 83' lang='lat' dir='ltr'><strong>scripsit</strong></span> <span class='ocrx_word' id='word_1_233' title='bbox 459 3771 563 3832; x_wconf 88' lang='lat' dir='ltr'><strong>Ciocro</strong></span> <span class='ocrx_word' id='word_1_234' title='bbox 576 3775 631 3853; x_wconf 80' lang='lat' dir='ltr'><strong>qui</strong></span> <span class='ocrx_word' id='word_1_235' title='bbox 644 3794 704 3834; x_wconf 87' lang='lat' dir='ltr'><strong>eos.</strong></span> <span class='ocrx_word' id='word_1_236' title='bbox 719 3793 788 3833; x_wconf 88' lang='lat' dir='ltr'><strong>cum</strong></span> <span class='ocrx_word' id='word_1_237' title='bbox 802 3770 927 3831; x_wconf 84' lang='lat' dir='ltr'><strong>Lucullo</strong></span> <span class='ocrx_word' id='word_1_238' title='bbox 938 3766 1009 3845; x_wconf 55' lang='lat' dir='ltr'><strong>¹ficit</strong></span> <span class='ocrx_word' id='word_1_239' title='bbox 1025 3767 1111 3824; x_wconf 80' lang='lat' dir='ltr'><strong>buno</strong></span> 
     </span>
     <span class='ocr_line' id='line_1_33' title="bbox 149 3873 373 3938; baseline 0.027 -6"><span class='ocrx_word' id='word_1_240' title='bbox 149 3873 258 3935; x_wconf 90' lang='lat' dir='ltr'><strong>scilicet</strong></span> <span class='ocrx_word' id='word_1_241' title='bbox 277 3875 373 3938; x_wconf 77' lang='lat' dir='ltr'><strong>Dett.</strong></span> 
     </span>
    </p>
   </div>
   <div class='ocr_carea' id='block_1_6' title="bbox 0 0 1330 4822">
    <p class='ocr_par' dir='ltr' id='par_1_11' title="bbox 0 0 1330 4822">
     <span class='ocr_line' id='line_1_34' title="bbox 0 0 1330 4822; baseline 0 0"><span class='ocrx_word' id='word_1_242' title='bbox 0 0 1330 4822; x_wconf 95' lang='lat' dir='ltr'><strong> </strong></span> 
     </span>
    </p>
   </div>
  </div>
 </body>
</html>
