2640 4822
125 409 198 503 364
460 430 630 477 semrom
658 430 788 478 ncxcn.
907 429 939 478 a.
957 432 993 479 v.
1011 432 1041 482 c.
1060 429 1109 496 ‚aa

263 656 318 707 Ser.
338 655 432 706 Itomae
453 659 482 706 A.
504 654 534 706 t‘.
554 655 581 704 C.
603 654 750 720 uccvttt,
769 671 857 706 meuse
877 654 999 707 Octobri.

200 852 243 915 u.
269 852 305 916 r.
330 815 475 914 uerno
502 851 539 929 o.
566 850 737 914 vaurum
764 852 802 930 Q.
827 851 859 913 r.
884 850 1051 915 oncle¹

397 967 489 1033 mc.
514 967 734 1031 rnornmr.
760 968 790 1032 s.
815 968 854 1031 o.

168 1159 258 1230 Cum
284 1154 520 1255 municipibus
537 1153 892 1248 Volaterranismihi
913 1181 1056 1230 summa
1074 1182 1133 1232 ne·

118 1281 294 1355 cessitudo
319 1294 381 1353 est.
409 1283 538 1376 Magno
562 1280 656 1350 euim
673 1304 753 1352 meo
771 1279 944 1354 beneficio
959 1281 1134 1384 ’affecti,

117 1406 390 1480 cumulatissime
416 1405 503 1478 mihi
528 1406 674 1501 gratiam
701 1404 904 1478 retulerunt
938 1407 1034 1480 Nam
1064 1434 1133 1482 nec

115 1533 152 1603 iu
177 1530 370 1604 bonoribus
397 1532 498 1626 meis,
519 1555 584 1601 nec
605 1531 641 1601 in
666 1528 846 1604 laboribus
872 1557 1043 1633 umquam
1071 1533 1133 1608 de·

114 1656 254 1728 luerunt
271 1659 294 1725 ³.
324 1658 413 1727 Cum
439 1654 566 1754 quibus
592 1657 623 1727 si
648 1655 734 1727 mihi
760 1656 856 1728 nulla
882 1683 989 1731 causa
1015 1659 1129 1734 iuter·

113 1781 274 1877 cederet,
308 1795 446 1874 tamen,
474 1779 571 1878 quod
597 1794 631 1851 te
659 1781 966 1855 vehementissime
993 1783 1128 1884 diligo,

112 1905 278 2008 quodque
304 1930 359 1976 me
386 1931 406 1975 a
433 1919 467 1975 te
494 1903 634 2003 plurimi
666 1906 741 1978 fieri
775 1909 909 2005 sentio,
938 1921 976 1981 et
1000 1935 1129 1985 moue·

110 2057 186 2107 rem
213 2046 246 2104 te
273 2045 308 2103 et
332 2030 509 2127 hortarer,
528 2044 567 2102 ut
588 2056 709 2102 eorum
735 2030 883 2104 fortunis
909 2034 1128 2138 consuleres,

25 2249 30 2254 ,
109 2159 313 2259 praesertim
347 2183 456 2257 quum
493 2182 605 2256 prope
637 2157 864 2255 praecipuam
889 2185 1034 2233 causam
1059 2161 1126 2236 ha·

108 2283 233 2356 berent
258 2283 305 2356 ad
331 2285 385 2355 ius
411 2281 645 2356 obtinendum
662 2280 692 2352 l:
731 2283 884 2381 primum
916 2285 1017 2384 quod
1043 2285 1125 2361 Sul.

107 2409 178 2483 lani
205 2413 372 2509 temporis
399 2409 625 2481 acerbitatem
637 2410 663 2504 ⁵,
691 2406 838 2483 deorum
863 2409 1125 2487 immortalium

106 2534 339 2633 benignitate,
364 2535 661 2632 subterfugerunt:
688 2531 833 2631 deinde,
851 2535 949 2635 quod
975 2563 1122 2613 summo

105 2661 223 2733 studio
261 2660 385 2759 populi
413 2662 560 2732 Romani
595 2686 614 2730 a
649 2685 704 2730 me
737 2660 775 2729 iu
814 2660 998 2733 consulatu
1035 2690 1120 2738 meo

106 2785 237 2858 defensi
263 2801 353 2856 sunt.
381 2788 499 2876 Quum
527 2785 686 2856 tribuni⁶
704 2783 815 2883 plebis
832 2784 945 2882 legem
970 2789 1119 2889 iniquis·

103 2911 228 2982 simam
255 2909 299 2982 de
326 2937 447 2983 eorum
474 2912 564 3008 agris
589 2909 925 3010 promulgavisseut3
942 2912 1046 2986 facile
1064 2943 1119 2990 se-

102 3037 202 3109 natui
227 3036 432 3138 populoque
457 3040 617 3112 Romano
643 3039 818 3136 persuasi,
843 3051 884 3109 ut
909 3063 970 3111 eos
997 3040 1116 3143 cives,

101 3160 229 3264 quibus
265 3163 404 3235 fortuna
443 3165 682 3265 pepercisset,
717 3161 833 3236 salvos
867 3188 943 3236 esse
968 3164 1115 3240 vellent

99 3284 203 3362 Hanc
229 3291 404 3362 actionem
430 3318 543 3364 meam
569 3292 607 3365 C.
635 3290 763 3363 Caesar
788 3289 902 3388 primo
929 3316 995 3363 suo
1022 3318 1114 3366 con-

97 3408 214 3489 sulatu
246 3415 284 3486 in
314 3414 390 3512 lege
423 3419 589 3516 agrarias
618 3413 881 3515 comprobavit,
913 3441 1110 3517 agmmque

36 3532 61 3623 ’,
95 3530 368 3610 Volaterranum
394 3555 429 3614 et
455 3544 628 3646 oppidum
654 3541 749 3614 omni
778 3538 935 3638 periculo
960 3542 998 3611 in
1025 3568 1110 3641 par·

26 3662 62 3697 ‘⁵
95 3669 245 3757 petuam
268 3660 451 3741 liberavit:
477 3687 517 3745 ut
542 3672 629 3744 mihi
655 3666 800 3740 dubium
825 3690 899 3736 uon
925 3667 987 3763 sit,
1018 3668 1108 3767 quin

3 3797 63 3871 ἑ,
93 3776 144 3877 5⁸,
168 3785 228 3882 qui
253 3811 363 3860 novas
389 3799 666 3873 necessitudines
693 3792 876 3889 adiungat,
895 3805 1016 3864 vetera
1042 3819 1108 3864 sua

12 3900 63 3980 '3²ss
91 3894 262 3978 beneficia
297 3929 498 3996 conservari
533 3926 623 3999 velit.
658 3918 895 4010 Quamobrem
932 3933 984 3988 est
1025 3933 1107 3990 tuae
