2648 4822
521 439 792 488 Attenuatum

612 647 699 708 bct.

159 863 337 926 rSalubres
357 883 474 945 semper
497 863 638 922 Baiarum
664 879 767 941 aquae.
794 857 873 920 Plin.
901 860 1038 938 XXXI,
1064 879 1094 922 a.
1123 860 1176 921 Sed

196 974 365 1055 scripserat,
389 973 511 1052 opinor,
524 968 693 1050 Dolabella,
713 969 799 1028 Baias
819 987 883 1026 non
906 969 972 1026 iam
997 971 1128 1050 senum,
1147 979 1175 1027 ut

193 1090 298 1159 antea,
314 1077 522 1159 ‚salubritatem
544 1075 599 1137 sibi
619 1075 764 1185 ιιῑιιιιὶιιεἲ
784 1072 839 1134 sed
859 1073 944 1134 illico
972 1074 1074 1136 factas
1100 1076 1173 1135 satu-

192 1186 270 1246 bres.
293 1186 332 1245 Aa
345 1187 368 1244 l.
380 1184 417 1244 F.
431 1185 586 1244 Gronovio
598 1182 733 1259 videtur,
752 1174 873 1241 sabebre
894 1185 1018 1263 opponi
1040 1183 1173 1243 luxurio·

193 1313 242 1370 so,
256 1304 290 1353 ut
304 1290 386 1374 apud
400 1291 574 1352 Svetonium
595 1290 719 1372 (Octav.
734 1287 793 1369 alsa)
809 1286 971 1348 'salubrem
989 1291 1171 1371 principem,

193 1412 224 1461 et
244 1403 285 1460 ita
304 1400 353 1460 hic
373 1402 466 1482 accipi
486 1420 505 1458 a
524 1399 678 1459 Cicerone.

154 1530 172 1568 a
193 1509 268 1567 Nam
289 1509 396 1567 sensim
416 1507 513 1568 solent
533 1527 596 1567 esse
617 1504 759 1565 salubres.

153 1616 173 1676 3
193 1617 336 1675 Natruam
358 1635 443 1674 suam
462 1648 504 1659 —
524 1624 651 1674 mutare.

152 1722 174 1797 4
194 1721 283 1796 Quae
304 1731 407 1780 exstat
428 1720 547 1780 Manat.

152 1825 173 1886 5
194 1827 282 1902 Quae
301 1845 362 1884 non
374 1826 506 1908 amplam
520 1825 638 1886 dicendi
652 1828 808 1886 materiam
822 1823 1010 1907 suppeditat.
1034 1829 1167 1912 Quam.

151 1930 174 1993 6
193 1932 384 2011 Orationem,
404 1953 494 1992 causa
513 1943 647 2016 peracta,
670 1932 838 1994 scribebant
854 1943 975 1994 veteres
993 1936 1106 2013 (Tusc.
1120 1936 1167 2015 ll,

193 2039 268 2125 25);
288 2040 342 2102 sed
362 2039 410 2101 hic
430 2043 558 2103 sumitur
576 2061 634 2124 pro
655 2043 720 2123 ipsa
738 2039 878 2102 editione.

152 2170 170 2228 7
191 2150 344 2210 Deiotaro.
366 2148 450 2209 Conf.
471 2170 537 2231 epp.
560 2148 669 2232 CCIX,
689 2149 723 2230 3,
743 2147 867 2209 CCXIX
887 2147 995 2229 paullo
1015 2162 1088 2232 post
1109 2153 1167 2210 init

174 2272 176 2277 ’
193 2268 225 2316 et
244 2256 368 2317 ccxxl
389 2269 464 2318 extr.

151 2359 171 2422 8
192 2363 392 2424 Munus'raro
412 2363 481 2441 filo,
500 2384 598 2445 eoque
615 2383 729 2446 crasso,
750 2373 943 2444 contexmm3
963 2362 1089 2426 bocest
1102 2385 1165 2426 ora-

193 2474 303 2530 tionem
317 2493 425 2552 parum
441 2470 633 2531 elaboratam.
648 2473 773 2531 Praeter
786 2471 963 2533 Ciceronem
977 2493 1062 2533 unus
1076 2474 1166 2534 lsido

191 2599 243 2637 rus
263 2578 365 2659 (Orig.
387 2580 475 2659 xlx,
497 2579 560 2659 aa)
579 2579 636 2638 hac
650 2600 723 2639 voce
738 2582 847 2657 utitur,
861 2599 992 2659 eamque
1011 2581 1164 2662 explanat:

192 2684 363 2744 [levidensis
384 2686 485 2758 vestis,
507 2686 591 2767 quod
609 2686 753 2766 rarofilo
769 2686 821 2767 fit,
846 2686 1003 2766 leviterque
1029 2687 1165 2751 densata.

194 2792 383 2849 Burmannus
405 2792 460 2867 (ad
481 2792 570 2852 Ovid.
592 2797 695 2852 Amor.
717 2795 745 2872 l,
771 2792 825 2871 14)
845 2813 950 2852 vocem
976 2815 1017 2855 ne
1046 2795 1166 2855 latinam

192 2898 314 2978 quidem
327 2909 427 2979 putat,
450 2901 625 2981 coniicitque
640 2902 695 2960 levi
705 2921 812 2982 pensa·
826 2899 874 2958 alii
889 2901 950 2959 leve
970 2923 1011 2960 ac
1024 2902 1168 2975 densim,

192 3015 222 3063 ct
242 3005 298 3063 levi
317 3003 409 3065 (lente.

151 3132 173 3193 9
191 3110 300 3190 Qualia
320 3111 415 3172 solent
435 3134 498 3173 csse
519 3116 609 3197 ipsius
629 3117 762 3176 Deiotari
777 3134 916 3198 munera,
937 3138 1033 3197 quem
1051 3132 1083 3179 et
1098 3120 1167 3178 alibi

191 3230 225 3278 ut
244 3241 353 3301 parum
373 3219 527 3282 liberalem
546 3234 639 3284 notat

155 3346 189 3385 ro
210 3326 458 3390 Caesarianomm
479 3332 599 3390 iniurias
620 3332 689 3392 viris
709 3341 739 3391 et
759 3329 875 3410 legibus
896 3329 1002 3391 illatas.

602 3569 705 3630 DCLl.

157 3772 166 3809 ι
192 3753 333 3815 Timebat
352 3755 472 3838 Cicero,
496 3778 534 3817 ne
562 3757 686 3837 Caesar,
711 3778 801 3839 quem
827 3757 957 3838 bospitio
981 3774 1173 3843 excepturus

194 3872 272 3939 erat,
293 3861 348 3922 sibi
369 3867 465 3944 gravis
486 3876 516 3924 et
536 3864 676 3926 molestus
696 3866 803 3946 hospes
827 3875 919 3946 csset3
946 3864 1000 3924 sed
1027 3871 1170 3949 periculo

192 3967 285 4047 sacto,
306 3992 374 4030 eum
389 3971 503 4032 facilem
526 3977 654 4051 agnovit.
676 3975 785 4034 lccirco
799 3973 853 4031 ait:
878 3973 907 4032 0
926 3973 1078 4054 hospitem
1092 3979 1170 4036 miti
