2648 4822
158 420 204 516 78
481 434 648 480 rrrsruua
677 434 817 479 nxxxvr.
931 430 1060 481 a.v.c.
1079 432 1122 495 με

154 555 256 640 pater
272 541 298 637 ³,
323 540 449 611 vivona
474 550 574 635 patre
606 560 670 607 suo
706 532 885 631 naufragio
911 535 1079 632 perierit,
1104 564 1143 611 au

155 680 311 760 mortuo,
335 666 420 736 item
445 663 590 758 Rutilia,
615 663 741 733 vivone
758 661 796 734 C.
814 660 941 756 Cotta,
966 658 1039 734 filio
1064 688 1144 761 sao,

154 807 292 865 mortua
329 793 390 889 sit,
423 816 468 862 an
500 787 681 860 mortuui.
715 786 896 859 Pertinent
927 786 975 858 ad
1005 813 1085 861 eum
1107 788 1144 859 li-

153 918 254 992 brum
274 923 300 1015 ⁵,
324 944 427 1018 quem
455 916 498 988 de
524 913 619 987 luctu
647 912 837 984 minuendo
863 914 1073 1013 scripsimus.

534 1164 762 1287 DXXXVTI·
878 1209 936 1265 (ιι
951 1208 1004 1253 na.
1021 1208 1063 1267 ιιι,
1078 1212 1121 1261 ιι)

154 1350 372 1427 Argumentum.
403 1344 574 1426 Respondet
604 1342 796 1412 Dolabellae,
828 1345 879 1423 qui
910 1363 942 1401 se
968 1342 1006 1401 de
1033 1344 1143 1403 Tniliae

194 1466 291 1513 morte
313 1457 452 1511 nantium
474 1453 638 1533 accepisse,
659 1462 689 1510 et
702 1452 853 1509 Ciceronis
872 1450 972 1509 literas
984 1449 1142 1510 desiderare

193 1560 422 1640 significaverat.

292 1766 345 1817 Sor.
365 1769 471 1817 Asturae
488 1767 517 1815 A.
537 1763 569 1815 V.
588 1764 616 1813 C.
636 1762 787 1827 nccvrll,
806 1726 893 1815 meme
911 1762 1015 1815 Martia.

438 1961 581 2025 CICERO
606 1960 869 2025 DOLABELLAE

203 2177 271 2249 Vel
304 2203 383 2248 meo
416 2178 524 2275 ipsius
558 2176 699 2247 interitu
735 2175 875 2247 maliem
906 2175 1025 2249 literas
1057 2204 1141 2249 meaa

155 2304 387 2401 desiderares,
413 2330 519 2404 quarn
543 2329 586 2375 eo
612 2328 692 2374 casu
709 2319 731 2402 ¹,
751 2328 822 2403 quo
847 2329 924 2373 sum
951 2305 1141 2401 gravissime

154 2430 316 2503 afflictus:
343 2457 448 2532 (larem
473 2430 597 2502 serrem
622 2443 715 2501 certe
741 2429 975 2527 moderatius,
992 2432 1022 2503 si
1040 2444 1074 2503 te
1089 2430 1143 2502 iia·

152 2557 280 2631 berem.
306 2558 395 2631 Nam
421 2573 458 2629 et
483 2559 594 2630 oratio
621 2571 680 2627 tua
706 2556 878 2655 prudens,
894 2571 930 2627 et
947 2582 1048 2629 amur
1071 2582 1143 2655 erga

153 2708 209 2753 me
234 2683 414 2781 singularis
440 2683 589 2754 muitum
615 2682 755 2754 levaret.
782 2682 850 2753 Sed
870 2684 1038 2783 quoniam
1054 2680 1145 2755 brevi

153 2821 311 2906 tempore
329 2824 355 2905 ²,
379 2822 419 2879 ut
444 2810 564 2907 opinio
590 2822 709 2881 nostra
735 2820 805 2907 est,
830 2822 864 2879 te
890 2835 969 2881 sum
994 2812 1145 2905 visurus3

152 2934 200 3004 ita
226 2960 282 3006 me
307 2934 470 3007 affectum
496 2935 669 3033 offendes,
691 2949 732 3006 ut
755 2934 904 3007 multum
926 2949 1001 3008 ata
1018 2936 1145 3037 possim

152 3060 280 3132 iuvari:
305 3086 378 3133 non
402 3063 505 3161 quo³
530 3064 580 3134 ita
606 3063 671 3133 sim
696 3061 847 3160 fractus,
879 3076 920 3135 ut
952 3076 1015 3137 aut
1039 3062 1146 3137 humi-

152 3210 234 3257 nem
259 3213 316 3258 me
341 3188 446 3260 esselr
472 3188 600 3261 oblitus
626 3191 708 3286 sim,
726 3203 786 3260 aut
810 3190 970 3261 fortunae
995 3216 1147 3263 succum·

152 3310 307 3383 bendum
333 3328 477 3413 putem,
506 3316 568 3387 sed
594 3330 711 3387 tamen
738 3315 891 3387 hilaritas
916 3315 974 3387 illa
999 3314 1146 3390 nostra⁵

153 3450 188 3507 et
213 3439 382 3536 suavitas,
416 3466 504 3540 quae
538 3455 572 3511 te
605 3455 743 3539 praeter
773 3456 906 3514 ceteros
933 3440 1147 3539 delectabat,

152 3576 272 3661 erepta
296 3565 382 3636 mihi
408 3568 522 3638 omnis
547 3580 609 3639 est.
634 3567 663 3638 F
666 3567 854 3641 innitatem
878 3583 998 3641 tamen
1019 3582 1057 3643 et
1072 3592 1147 3642 ean

151 3690 331 3788 stantiam,
357 3692 520 3765 simodo
547 3693 610 3765 snit
637 3693 826 3795 aliquando
852 3696 889 3767 in
914 3695 1037 3797 nobis,
1062 3720 1145 3767 eam·

150 3815 231 3887 dem
264 3842 454 3915 cognosces
466 3874 476 3915 ,
513 3845 616 3919 quam
655 3820 834 3921 reliquisti.
868 3820 976 3913 Quod
1008 3820 1146 3917 scribis,

150 3942 315 4043 proelia⁶
342 3959 376 4016 te
402 3971 478 4017 mea
505 3972 609 4018 causa
635 3948 821 4020 sustinere:
847 3973 921 4021 non
946 3962 1020 4021 tam
1045 3948 1082 4021 id
1104 3944 1146 4017 lu·
