<?xml version="1.0" encoding="UTF-8"?>
<!DOCTYPE html PUBLIC "-//W3C//DTD XHTML 1.0 Transitional//EN"
    "http://www.w3.org/TR/xhtml1/DTD/xhtml1-transitional.dtd">
<html xmlns="http://www.w3.org/1999/xhtml" xml:lang="en" lang="en">
 <head>
  <title>
</title>
<meta http-equiv="Content-Type" content="text/html;charset=utf-8" />
  <meta name='ocr-system' content='tesseract 3.04.00' />
  <meta name='ocr-capabilities' content='ocr_page ocr_carea ocr_par ocr_line ocrx_word'/>
</head>
<body>
  <div class='ocr_page' id='page_1' title='image "./mtulliiciceroni11cicegoog/mtulliiciceroni11cicegoog_0065.png"; bbox 0 0 2648 4822; ppageno 0'>
   <div class='ocr_carea' id='block_1_1' title="bbox 151 424 1144 896">
    <p class='ocr_par' dir='ltr' id='par_1_1' title="bbox 153 424 1119 501">
     <span class='ocr_line' id='line_1_1' title="bbox 153 424 1119 501; baseline -0.024 0"><span class='ocrx_word' id='word_1_1' title='bbox 153 427 200 501; x_wconf 87' lang='lat'><strong>58</strong></span> <span class='ocrx_word' id='word_1_2' title='bbox 510 439 679 489; x_wconf 80' lang='lat' dir='ltr'><strong>rersrom</strong></span> <span class='ocrx_word' id='word_1_3' title='bbox 701 434 817 484; x_wconf 81' lang='lat' dir='ltr'><strong>nxxrx.</strong></span> <span class='ocrx_word' id='word_1_4' title='bbox 927 430 1007 483; x_wconf 72' lang='lat' dir='ltr'><strong>av.</strong></span> <span class='ocrx_word' id='word_1_5' title='bbox 1025 432 1053 480; x_wconf 84' lang='lat' dir='ltr'><strong>r.</strong></span> <span class='ocrx_word' id='word_1_6' title='bbox 1072 424 1119 493; x_wconf 67' lang='lat' dir='ltr'><strong>‚oe</strong></span> 
     </span>
    </p>

    <p class='ocr_par' dir='ltr' id='par_1_2' title="bbox 151 531 1144 896">
     <span class='ocr_line' id='line_1_2' title="bbox 202 531 1144 645; baseline -0.02 -22"><span class='ocrx_word' id='word_1_7' title='bbox 202 554 226 645; x_wconf 77' lang='grc'><em>4</em></span> <span class='ocrx_word' id='word_1_8' title='bbox 251 545 437 622; x_wconf 84' lang='lat' dir='ltr'><strong>Cocceium</strong></span> <span class='ocrx_word' id='word_1_9' title='bbox 457 558 484 594; x_wconf 85' lang='lat'><strong>¹⁰</strong></span> <span class='ocrx_word' id='word_1_10' title='bbox 512 543 616 617; x_wconf 91' lang='lat' dir='ltr'><strong>velim</strong></span> <span class='ocrx_word' id='word_1_11' title='bbox 642 537 804 639; x_wconf 84' lang='lat' dir='ltr'>appelles.</span> <span class='ocrx_word' id='word_1_12' title='bbox 838 533 945 626; x_wconf 92' lang='lat' dir='ltr'><strong>Quod</strong></span> <span class='ocrx_word' id='word_1_13' title='bbox 974 533 1068 607; x_wconf 90' lang='lat' dir='ltr'><strong>enim</strong></span> <span class='ocrx_word' id='word_1_14' title='bbox 1094 531 1144 605; x_wconf 89' lang='lat' dir='ltr'><strong>di·</strong></span> 
     </span>
     <span class='ocr_line' id='line_1_3' title="bbox 151 658 1142 769; baseline -0.02 -19"><span class='ocrx_word' id='word_1_15' title='bbox 151 689 271 769; x_wconf 71' lang='lat' dir='ltr'><strong>xerat,</strong></span> <span class='ocrx_word' id='word_1_16' title='bbox 295 699 366 746; x_wconf 88' lang='lat' dir='ltr'><strong>non</strong></span> <span class='ocrx_word' id='word_1_17' title='bbox 392 671 482 743; x_wconf 83' lang='lat' dir='ltr'><strong>lacit.</strong></span> <span class='ocrx_word' id='word_1_18' title='bbox 508 671 585 767; x_wconf 84' lang='lat' dir='ltr'><strong>Ego</strong></span> <span class='ocrx_word' id='word_1_19' title='bbox 612 679 728 739; x_wconf 91' lang='lat' dir='ltr'><strong>autem</strong></span> <span class='ocrx_word' id='word_1_20' title='bbox 754 662 835 735; x_wconf 90' lang='lat' dir='ltr'><strong>volo</strong></span> <span class='ocrx_word' id='word_1_21' title='bbox 861 658 1006 763; x_wconf 87' lang='lat' dir='ltr'><strong>aliquod</strong></span> <span class='ocrx_word' id='word_1_22' title='bbox 1023 662 1142 733; x_wconf 83' lang='lat' dir='ltr'><strong>&#39;emere</strong></span> 
     </span>
     <span class='ocr_line' id='line_1_4' title="bbox 151 787 874 896; baseline -0.025 -21"><span class='ocrx_word' id='word_1_23' title='bbox 151 799 333 875; x_wconf 80' lang='lat' dir='ltr'>latibulum</span> <span class='ocrx_word' id='word_1_24' title='bbox 358 811 394 871; x_wconf 88' lang='lat' dir='ltr'><strong>et</strong></span> <span class='ocrx_word' id='word_1_25' title='bbox 418 794 614 896; x_wconf 79' lang='lat' dir='ltr'><strong>perfugium</strong></span> <span class='ocrx_word' id='word_1_26' title='bbox 640 789 771 865; x_wconf 89' lang='lat' dir='ltr'><strong>doloris</strong></span> <span class='ocrx_word' id='word_1_27' title='bbox 797 787 874 863; x_wconf 90' lang='lat' dir='ltr'><strong>mei.</strong></span> 
     </span>
    </p>
   </div>
   <div class='ocr_carea' id='block_1_2' title="bbox 575 1040 1121 1137">
    <p class='ocr_par' dir='ltr' id='par_1_3' title="bbox 575 1040 1121 1137">
     <span class='ocr_line' id='line_1_5' title="bbox 575 1040 1121 1137; baseline 0.013 -21"><span class='ocrx_word' id='word_1_28' title='bbox 575 1040 734 1117; x_wconf 86' lang='lat' dir='ltr'><strong>DXXX.</strong></span> <span class='ocrx_word' id='word_1_29' title='bbox 869 1077 927 1137; x_wconf 82' lang='lat' dir='ltr'><strong>&lt;aa</strong></span> <span class='ocrx_word' id='word_1_30' title='bbox 942 1076 993 1124; x_wconf 80' lang='lat' dir='ltr'><strong>an.</strong></span> <span class='ocrx_word' id='word_1_31' title='bbox 1008 1076 1062 1135; x_wconf 70' lang='grc' dir='ltr'>ιιι,</span> <span class='ocrx_word' id='word_1_32' title='bbox 1076 1076 1121 1133; x_wconf 73' lang='lat' dir='ltr'><strong>n)</strong></span> 
     </span>
    </p>
   </div>
   <div class='ocr_carea' id='block_1_3' title="bbox 153 1208 1146 1413">
    <p class='ocr_par' dir='ltr' id='par_1_4' title="bbox 153 1208 1146 1413">
     <span class='ocr_line' id='line_1_6' title="bbox 153 1208 1145 1306; baseline -0.018 -19"><span class='ocrx_word' id='word_1_33' title='bbox 153 1230 372 1306; x_wconf 74' lang='lat' dir='ltr'><strong><em>Argumentum.</em></strong></span> <span class='ocrx_word' id='word_1_34' title='bbox 398 1243 407 1281; x_wconf 93' lang='lat'>1</span> <span class='ocrx_word' id='word_1_35' title='bbox 432 1223 478 1281; x_wconf 90' lang='lat' dir='ltr'><strong>De</strong></span> <span class='ocrx_word' id='word_1_36' title='bbox 504 1241 535 1280; x_wconf 87' lang='lat' dir='ltr'><strong>se</strong></span> <span class='ocrx_word' id='word_1_37' title='bbox 562 1219 642 1300; x_wconf 91' lang='lat' dir='ltr'><strong>apud</strong></span> <span class='ocrx_word' id='word_1_38' title='bbox 670 1216 829 1299; x_wconf 79' lang='lat' dir='ltr'>Apuleium</span> <span class='ocrx_word' id='word_1_39' title='bbox 856 1210 1039 1282; x_wconf 69' lang='lat' dir='ltr'><strong>excusandm</strong></span> <span class='ocrx_word' id='word_1_40' title='bbox 1066 1230 1084 1270; x_wconf 84' lang='lat' dir='ltr'><strong>a</strong></span> <span class='ocrx_word' id='word_1_41' title='bbox 1107 1208 1145 1269; x_wconf 87' lang='lat' dir='ltr'><strong>de</strong></span> 
     </span>
     <span class='ocr_line' id='line_1_7' title="bbox 193 1315 1146 1413; baseline -0.016 -23"><span class='ocrx_word' id='word_1_42' title='bbox 193 1334 351 1413; x_wconf 83' lang='lat' dir='ltr'>sponsione</span> <span class='ocrx_word' id='word_1_43' title='bbox 378 1350 432 1387; x_wconf 86' lang='lat' dir='ltr'><strong>sna</strong></span> <span class='ocrx_word' id='word_1_44' title='bbox 459 1347 516 1409; x_wconf 87' lang='lat' dir='ltr'><strong>pro</strong></span> <span class='ocrx_word' id='word_1_45' title='bbox 536 1322 713 1397; x_wconf 83' lang='lat' dir='ltr'><strong>Cornifiei03</strong></span> <span class='ocrx_word' id='word_1_46' title='bbox 742 1322 760 1383; x_wconf 89' lang='grc'>3</span> <span class='ocrx_word' id='word_1_47' title='bbox 781 1322 818 1383; x_wconf 92' lang='lat' dir='ltr'><strong>de</strong></span> <span class='ocrx_word' id='word_1_48' title='bbox 838 1321 921 1381; x_wconf 83' lang='lat' dir='ltr'><strong>luctu</strong></span> <span class='ocrx_word' id='word_1_49' title='bbox 941 1338 997 1379; x_wconf 88' lang='lat' dir='ltr'><strong>suo</strong></span> <span class='ocrx_word' id='word_1_50' title='bbox 1017 1328 1049 1377; x_wconf 87' lang='lat' dir='ltr'><strong>et</strong></span> <span class='ocrx_word' id='word_1_51' title='bbox 1068 1315 1146 1377; x_wconf 89' lang='lat' dir='ltr'><strong>libro</strong></span> 
     </span>
    </p>
   </div>
   <div class='ocr_carea' id='block_1_4' title="bbox 194 1423 1146 1513">
    <p class='ocr_par' dir='ltr' id='par_1_5' title="bbox 194 1423 1146 1513">
     <span class='ocr_line' id='line_1_8' title="bbox 194 1423 1146 1513; baseline -0.011 -18"><span class='ocrx_word' id='word_1_52' title='bbox 194 1437 232 1495; x_wconf 88' lang='lat' dir='ltr'><strong>ad</strong></span> <span class='ocrx_word' id='word_1_53' title='bbox 253 1436 484 1496; x_wconf 80' lang='lat' dir='ltr'><strong>consolationem</strong></span> <span class='ocrx_word' id='word_1_54' title='bbox 506 1435 631 1513; x_wconf 68' lang='lat' dir='ltr'><strong>scripto,</strong></span> <span class='ocrx_word' id='word_1_55' title='bbox 649 1429 718 1507; x_wconf 60' lang='lat' dir='ltr'><strong>[pde</strong></span> <span class='ocrx_word' id='word_1_56' title='bbox 738 1429 823 1489; x_wconf 85' lang='lat' dir='ltr'>Bruti</span> <span class='ocrx_word' id='word_1_57' title='bbox 843 1426 883 1487; x_wconf 89' lang='lat' dir='ltr'><strong>ad</strong></span> <span class='ocrx_word' id='word_1_58' title='bbox 903 1446 935 1487; x_wconf 84' lang='lat' dir='ltr'><strong>se</strong></span> <span class='ocrx_word' id='word_1_59' title='bbox 955 1425 1064 1496; x_wconf 75' lang='lat' dir='ltr'><strong>literis3</strong></span> <span class='ocrx_word' id='word_1_60' title='bbox 1076 1423 1097 1485; x_wconf 84' lang='grc'><em>5</em></span> <span class='ocrx_word' id='word_1_61' title='bbox 1109 1424 1146 1485; x_wconf 79' lang='lat' dir='ltr'><strong>de</strong></span> 
     </span>
    </p>
   </div>
   <div class='ocr_carea' id='block_1_5' title="bbox 197 1512 909 1600">
    <p class='ocr_par' dir='ltr' id='par_1_6' title="bbox 197 1512 909 1600">
     <span class='ocr_line' id='line_1_9' title="bbox 197 1512 909 1600; baseline -0.003 -1"><span class='ocrx_word' id='word_1_62' title='bbox 197 1544 308 1600; x_wconf 79' lang='lat' dir='ltr'><strong>Atticae</strong></span> <span class='ocrx_word' id='word_1_63' title='bbox 329 1538 446 1599; x_wconf 87' lang='lat' dir='ltr'><strong>morbo.</strong></span> <span class='ocrx_word' id='word_1_64' title='bbox 887 1512 909 1557; x_wconf 67' lang='lat'>⁸</span> 
     </span>
    </p>
   </div>
   <div class='ocr_carea' id='block_1_6' title="bbox 294 1755 1015 1826">
    <p class='ocr_par' dir='ltr' id='par_1_7' title="bbox 294 1755 1015 1826">
     <span class='ocr_line' id='line_1_10' title="bbox 294 1755 1015 1826; baseline -0.011 -9"><span class='ocrx_word' id='word_1_65' title='bbox 294 1765 350 1817; x_wconf 70' lang='lat' dir='ltr'><strong>sa.</strong></span> <span class='ocrx_word' id='word_1_66' title='bbox 368 1767 475 1815; x_wconf 71' lang='lat' dir='ltr'><strong>daturae</strong></span> <span class='ocrx_word' id='word_1_67' title='bbox 494 1764 525 1813; x_wconf 81' lang='grc' dir='ltr'><strong>Δ.</strong></span> <span class='ocrx_word' id='word_1_68' title='bbox 542 1762 574 1813; x_wconf 86' lang='lat' dir='ltr'><strong>V.</strong></span> <span class='ocrx_word' id='word_1_69' title='bbox 592 1761 620 1815; x_wconf 87' lang='lat' dir='ltr'><strong>C.</strong></span> <span class='ocrx_word' id='word_1_70' title='bbox 639 1758 790 1826; x_wconf 85' lang='lat' dir='ltr'><strong>DCCVlll,</strong></span> <span class='ocrx_word' id='word_1_71' title='bbox 808 1775 894 1811; x_wconf 86' lang='lat' dir='ltr'><strong>meme</strong></span> <span class='ocrx_word' id='word_1_72' title='bbox 910 1755 1015 1809; x_wconf 71' lang='lat' dir='ltr'><strong>usura.</strong></span> 
     </span>
    </p>
   </div>
   <div class='ocr_carea' id='block_1_7' title="bbox 465 1954 839 2024">
    <p class='ocr_par' dir='ltr' id='par_1_8' title="bbox 465 1954 839 2024">
     <span class='ocr_line' id='line_1_11' title="bbox 465 1954 839 2024; baseline -0.011 -1"><span class='ocrx_word' id='word_1_73' title='bbox 465 1954 609 2024; x_wconf 82' lang='lat' dir='ltr'>CICERO</span> <span class='ocrx_word' id='word_1_74' title='bbox 634 1958 783 2024; x_wconf 79' lang='lat' dir='ltr'>ATTICO</span> <span class='ocrx_word' id='word_1_75' title='bbox 809 1958 839 2021; x_wconf 91' lang='lat' dir='ltr'><strong>S.</strong></span> 
     </span>
    </p>
   </div>
   <div class='ocr_carea' id='block_1_8' title="bbox 86 2162 1151 4002">
    <p class='ocr_par' dir='ltr' id='par_1_9' title="bbox 86 2162 1151 2893">
     <span class='ocr_line' id='line_1_12' title="bbox 212 2162 1149 2265; baseline -0.005 -25"><span class='ocrx_word' id='word_1_76' title='bbox 212 2195 224 2240; x_wconf 94' lang='grc' dir='ltr'>ι</span> <span class='ocrx_word' id='word_1_77' title='bbox 254 2168 388 2239; x_wconf 90' lang='lat' dir='ltr'><strong>Deme</strong></span> <span class='ocrx_word' id='word_1_78' title='bbox 415 2164 613 2237; x_wconf 87' lang='lat' dir='ltr'><strong>excusando</strong></span> <span class='ocrx_word' id='word_1_79' title='bbox 646 2164 741 2265; x_wconf 91' lang='lat' dir='ltr'><strong>apud</strong></span> <span class='ocrx_word' id='word_1_80' title='bbox 765 2162 950 2264; x_wconf 83' lang='lat' dir='ltr'><strong>Apuleium</strong></span> <span class='ocrx_word' id='word_1_81' title='bbox 984 2162 1149 2237; x_wconf 78' lang='lat' dir='ltr'><strong>dederam</strong></span> 
     </span>
     <span class='ocr_line' id='line_1_13' title="bbox 86 2288 1149 2392; baseline -0.007 -24"><span class='ocrx_word' id='word_1_82' title='bbox 86 2288 89 2293; x_wconf 36' lang='lat'>⁸</span> <span class='ocrx_word' id='word_1_83' title='bbox 157 2292 203 2368; x_wconf 92' lang='lat' dir='ltr'><strong>ad</strong></span> <span class='ocrx_word' id='word_1_84' title='bbox 229 2307 263 2366; x_wconf 91' lang='lat' dir='ltr'><strong>te</strong></span> <span class='ocrx_word' id='word_1_85' title='bbox 289 2291 402 2392; x_wconf 85' lang='lat' dir='ltr'><strong>pridie</strong></span> <span class='ocrx_word' id='word_1_86' title='bbox 438 2291 563 2364; x_wconf 81' lang='lat' dir='ltr'><strong>literas.</strong></span> <span class='ocrx_word' id='word_1_87' title='bbox 601 2288 696 2365; x_wconf 89' lang='lat' dir='ltr'><strong>Nihil</strong></span> <span class='ocrx_word' id='word_1_88' title='bbox 728 2317 802 2364; x_wconf 88' lang='lat' dir='ltr'><strong>esse</strong></span> <span class='ocrx_word' id='word_1_89' title='bbox 834 2290 966 2387; x_wconf 81' lang='lat' dir='ltr'><strong>negotii</strong></span> <span class='ocrx_word' id='word_1_90' title='bbox 991 2288 1149 2365; x_wconf 85' lang='lat' dir='ltr'><strong>arbitror.</strong></span> 
     </span>
     <span class='ocr_line' id='line_1_14' title="bbox 157 2413 1150 2521; baseline -0.002 -31"><span class='ocrx_word' id='word_1_91' title='bbox 157 2420 422 2521; x_wconf 88' lang='lat' dir='ltr'><strong>Quemcumque</strong></span> <span class='ocrx_word' id='word_1_92' title='bbox 455 2417 657 2518; x_wconf 90' lang='lat' dir='ltr'><strong>appellaris,</strong></span> <span class='ocrx_word' id='word_1_93' title='bbox 690 2443 794 2490; x_wconf 91' lang='lat' dir='ltr'><strong>nemo</strong></span> <span class='ocrx_word' id='word_1_94' title='bbox 819 2414 968 2515; x_wconf 80' lang='lat' dir='ltr'><strong>negabit.</strong></span> <span class='ocrx_word' id='word_1_95' title='bbox 998 2413 1069 2490; x_wconf 91' lang='lat' dir='ltr'><strong>Sed</strong></span> <span class='ocrx_word' id='word_1_96' title='bbox 1093 2414 1150 2489; x_wconf 88' lang='lat' dir='ltr'><strong>Se·</strong></span> 
     </span>
     <span class='ocr_line' id='line_1_15' title="bbox 155 2541 1151 2645; baseline -0.001 -27"><span class='ocrx_word' id='word_1_97' title='bbox 155 2547 318 2645; x_wconf 87' lang='lat' dir='ltr'><strong>ptimium</strong></span> <span class='ocrx_word' id='word_1_98' title='bbox 349 2545 452 2643; x_wconf 87' lang='lat' dir='ltr'><strong>vide,</strong></span> <span class='ocrx_word' id='word_1_99' title='bbox 484 2558 520 2617; x_wconf 88' lang='lat' dir='ltr'><strong>et</strong></span> <span class='ocrx_word' id='word_1_100' title='bbox 550 2548 765 2642; x_wconf 87' lang='lat' dir='ltr'><strong>Laenatem,</strong></span> <span class='ocrx_word' id='word_1_101' title='bbox 797 2556 833 2616; x_wconf 87' lang='lat' dir='ltr'><strong>et</strong></span> <span class='ocrx_word' id='word_1_102' title='bbox 863 2541 1048 2617; x_wconf 88' lang='lat' dir='ltr'><strong>Statilium.</strong></span> <span class='ocrx_word' id='word_1_103' title='bbox 1073 2543 1151 2617; x_wconf 88' lang='lat' dir='ltr'><strong>Tri·</strong></span> 
     </span>
     <span class='ocr_line' id='line_1_16' title="bbox 156 2668 1151 2769; baseline 0.004 -28"><span class='ocrx_word' id='word_1_104' title='bbox 156 2668 222 2742; x_wconf 87' lang='lat' dir='ltr'><strong>bus</strong></span> <span class='ocrx_word' id='word_1_105' title='bbox 247 2671 340 2742; x_wconf 89' lang='lat' dir='ltr'><strong>enim</strong></span> <span class='ocrx_word' id='word_1_106' title='bbox 365 2694 454 2769; x_wconf 89' lang='lat' dir='ltr'><strong>opus</strong></span> <span class='ocrx_word' id='word_1_107' title='bbox 480 2683 541 2743; x_wconf 91' lang='lat' dir='ltr'><strong>est.</strong></span> <span class='ocrx_word' id='word_1_108' title='bbox 575 2668 646 2741; x_wconf 91' lang='lat' dir='ltr'><strong>Sed</strong></span> <span class='ocrx_word' id='word_1_109' title='bbox 677 2669 761 2743; x_wconf 89' lang='lat' dir='ltr'><strong>mihi</strong></span> <span class='ocrx_word' id='word_1_110' title='bbox 792 2672 927 2745; x_wconf 88' lang='lat' dir='ltr'><strong>Laenas</strong></span> <span class='ocrx_word' id='word_1_111' title='bbox 956 2683 1074 2743; x_wconf 86' lang='lat' dir='ltr'><strong>totum</strong></span> <span class='ocrx_word' id='word_1_112' title='bbox 1096 2695 1151 2745; x_wconf 83' lang='lat' dir='ltr'><strong>re·</strong></span> 
     </span>
     <span class='ocr_line' id='line_1_17' title="bbox 157 2808 306 2893; baseline -0.007 -27"><span class='ocrx_word' id='word_1_113' title='bbox 157 2808 306 2893; x_wconf 83' lang='lat' dir='ltr'><strong>ceperat.</strong></span> 
     </span>
    </p>

    <p class='ocr_par' dir='ltr' id='par_1_10' title="bbox 155 2916 1150 3616">
     <span class='ocr_line' id='line_1_18' title="bbox 207 2916 1150 3021; baseline 0.004 -30"><span class='ocrx_word' id='word_1_114' title='bbox 207 2947 228 2991; x_wconf 88' lang='lat' dir='ltr'><strong>a</strong></span> <span class='ocrx_word' id='word_1_115' title='bbox 255 2918 362 3010; x_wconf 90' lang='lat' dir='ltr'><strong>Quod</strong></span> <span class='ocrx_word' id='word_1_116' title='bbox 379 2916 500 2992; x_wconf 89' lang='lat' dir='ltr'><strong>scribis</strong></span> <span class='ocrx_word' id='word_1_117' title='bbox 518 2945 538 2992; x_wconf 90' lang='lat' dir='ltr'><strong>a</strong></span> <span class='ocrx_word' id='word_1_118' title='bbox 555 2919 655 2994; x_wconf 91' lang='lat' dir='ltr'><strong>Iunio</strong></span> <span class='ocrx_word' id='word_1_119' title='bbox 671 2934 682 2972; x_wconf 88' lang='lat'>¹</span> <span class='ocrx_word' id='word_1_120' title='bbox 701 2934 737 2994; x_wconf 85' lang='lat' dir='ltr'><strong>te</strong></span> <span class='ocrx_word' id='word_1_121' title='bbox 758 2918 989 3021; x_wconf 76' lang='lat' dir='ltr'><strong>appellatum,</strong></span> <span class='ocrx_word' id='word_1_122' title='bbox 1005 2922 1150 2995; x_wconf 89' lang='lat' dir='ltr'><strong>omniuo</strong></span> 
     </span>
     <span class='ocr_line' id='line_1_19' title="bbox 156 3043 1149 3149; baseline 0.003 -31"><span class='ocrx_word' id='word_1_123' title='bbox 156 3044 390 3119; x_wconf 85' lang='lat' dir='ltr'><strong>Comificius²</strong></span> <span class='ocrx_word' id='word_1_124' title='bbox 415 3043 571 3146; x_wconf 88' lang='lat' dir='ltr'><strong>locuples</strong></span> <span class='ocrx_word' id='word_1_125' title='bbox 597 3060 664 3120; x_wconf 89' lang='lat' dir='ltr'><strong>est:</strong></span> <span class='ocrx_word' id='word_1_126' title='bbox 694 3047 757 3120; x_wconf 89' lang='lat' dir='ltr'><strong>sed</strong></span> <span class='ocrx_word' id='word_1_127' title='bbox 780 3061 897 3120; x_wconf 89' lang='lat' dir='ltr'><strong>tamen</strong></span> <span class='ocrx_word' id='word_1_128' title='bbox 923 3047 1011 3121; x_wconf 91' lang='lat' dir='ltr'><strong>scire</strong></span> <span class='ocrx_word' id='word_1_129' title='bbox 1035 3046 1149 3149; x_wconf 87' lang='lat' dir='ltr'><strong>velim,</strong></span> 
     </span>
     <span class='ocr_line' id='line_1_20' title="bbox 156 3170 1149 3274; baseline 0.004 -33"><span class='ocrx_word' id='word_1_130' title='bbox 156 3170 298 3271; x_wconf 92' lang='lat' dir='ltr'><strong>quando</strong></span> <span class='ocrx_word' id='word_1_131' title='bbox 331 3171 427 3245; x_wconf 87' lang='lat' dir='ltr'><strong>dicar</strong></span> <span class='ocrx_word' id='word_1_132' title='bbox 463 3172 717 3273; x_wconf 81' lang='lat' dir='ltr'><strong>spopondisse,</strong></span> <span class='ocrx_word' id='word_1_133' title='bbox 749 3186 785 3246; x_wconf 90' lang='lat' dir='ltr'><strong>et</strong></span> <span class='ocrx_word' id='word_1_134' title='bbox 815 3198 881 3274; x_wconf 91' lang='lat' dir='ltr'><strong>pro</strong></span> <span class='ocrx_word' id='word_1_135' title='bbox 910 3185 1029 3273; x_wconf 87' lang='lat' dir='ltr'><strong>patre,</strong></span> <span class='ocrx_word' id='word_1_136' title='bbox 1061 3196 1149 3248; x_wconf 87' lang='lat' dir='ltr'><strong>anne</strong></span> 
     </span>
     <span class='ocr_line' id='line_1_21' title="bbox 155 3294 1150 3400; baseline 0.004 -31"><span class='ocrx_word' id='word_1_137' title='bbox 155 3320 221 3395; x_wconf 92' lang='lat' dir='ltr'><strong>pro</strong></span> <span class='ocrx_word' id='word_1_138' title='bbox 247 3294 319 3369; x_wconf 87' lang='lat' dir='ltr'><strong>filio</strong></span> <span class='ocrx_word' id='word_1_139' title='bbox 336 3296 368 3369; x_wconf 75' lang='lat'><strong>³:</strong></span> <span class='ocrx_word' id='word_1_140' title='bbox 394 3323 507 3400; x_wconf 90' lang='lat' dir='ltr'><strong>neque</strong></span> <span class='ocrx_word' id='word_1_141' title='bbox 532 3325 574 3372; x_wconf 91' lang='lat' dir='ltr'><strong>eo</strong></span> <span class='ocrx_word' id='word_1_142' title='bbox 599 3301 730 3398; x_wconf 90' lang='lat' dir='ltr'><strong>minus,</strong></span> <span class='ocrx_word' id='word_1_143' title='bbox 757 3312 796 3371; x_wconf 91' lang='lat' dir='ltr'><strong>ut</strong></span> <span class='ocrx_word' id='word_1_144' title='bbox 820 3296 959 3397; x_wconf 87' lang='lat' dir='ltr'><strong>scribis,</strong></span> <span class='ocrx_word' id='word_1_145' title='bbox 986 3324 1150 3399; x_wconf 85' lang='lat' dir='ltr'><strong>procura·</strong></span> 
     </span>
     <span class='ocr_line' id='line_1_22' title="bbox 155 3423 1149 3525; baseline 0.007 -34"><span class='ocrx_word' id='word_1_146' title='bbox 155 3432 249 3493; x_wconf 88' lang='lat' dir='ltr'><strong>tores</strong></span> <span class='ocrx_word' id='word_1_147' title='bbox 274 3423 452 3497; x_wconf 86' lang='lat' dir='ltr'><strong>Comifieii</strong></span> <span class='ocrx_word' id='word_1_148' title='bbox 464 3478 474 3520; x_wconf 93' lang='lat'><strong>,</strong></span> <span class='ocrx_word' id='word_1_149' title='bbox 506 3438 542 3498; x_wconf 92' lang='lat' dir='ltr'><strong>et</strong></span> <span class='ocrx_word' id='word_1_150' title='bbox 572 3424 760 3525; x_wconf 80' lang='lat' dir='ltr'><strong>Apuleium</strong></span> <span class='ocrx_word' id='word_1_151' title='bbox 784 3423 1075 3524; x_wconf 79' lang='lat' dir='ltr'><strong>praediatoreml</strong></span> <span class='ocrx_word' id='word_1_152' title='bbox 1099 3424 1149 3498; x_wconf 85' lang='lat' dir='ltr'><strong>vi·</strong></span> 
     </span>
     <span class='ocr_line' id='line_1_23' title="bbox 158 3542 265 3616; baseline 0.019 -2"><span class='ocrx_word' id='word_1_153' title='bbox 158 3542 265 3616; x_wconf 92' lang='lat' dir='ltr'><strong>debis.</strong></span> 
     </span>
    </p>

    <p class='ocr_par' dir='ltr' id='par_1_11' title="bbox 157 3670 1147 4002">
     <span class='ocr_line' id='line_1_24' title="bbox 208 3670 1147 3776; baseline 0.01 -35"><span class='ocrx_word' id='word_1_154' title='bbox 208 3670 228 3742; x_wconf 83' lang='lat'>3</span> <span class='ocrx_word' id='word_1_155' title='bbox 256 3670 364 3761; x_wconf 90' lang='lat' dir='ltr'><strong>Quod</strong></span> <span class='ocrx_word' id='word_1_156' title='bbox 388 3697 444 3744; x_wconf 91' lang='lat' dir='ltr'><strong>me</strong></span> <span class='ocrx_word' id='word_1_157' title='bbox 469 3671 513 3744; x_wconf 91' lang='lat' dir='ltr'><strong>ab</strong></span> <span class='ocrx_word' id='word_1_158' title='bbox 539 3674 607 3748; x_wconf 88' lang='lat' dir='ltr'><strong>hoe</strong></span> <span class='ocrx_word' id='word_1_159' title='bbox 641 3701 798 3749; x_wconf 91' lang='lat' dir='ltr'><strong>moerore</strong></span> <span class='ocrx_word' id='word_1_160' title='bbox 828 3675 975 3748; x_wconf 87' lang='lat' dir='ltr'><strong>recreari</strong></span> <span class='ocrx_word' id='word_1_161' title='bbox 1000 3676 1077 3776; x_wconf 82' lang='lat' dir='ltr'><strong>vis3</strong></span> <span class='ocrx_word' id='word_1_162' title='bbox 1099 3674 1147 3749; x_wconf 84' lang='lat' dir='ltr'><strong>fa·</strong></span> 
     </span>
     <span class='ocr_line' id='line_1_25' title="bbox 158 3792 1145 3902; baseline 0.008 -36"><span class='ocrx_word' id='word_1_163' title='bbox 158 3792 228 3893; x_wconf 85' lang='lat' dir='ltr'><strong>cis,</strong></span> <span class='ocrx_word' id='word_1_164' title='bbox 260 3808 300 3867; x_wconf 91' lang='lat' dir='ltr'><strong>ut</strong></span> <span class='ocrx_word' id='word_1_165' title='bbox 332 3797 469 3870; x_wconf 90' lang='lat' dir='ltr'><strong>omnia:</strong></span> <span class='ocrx_word' id='word_1_166' title='bbox 507 3800 586 3899; x_wconf 89' lang='lat' dir='ltr'><strong>sed,</strong></span> <span class='ocrx_word' id='word_1_167' title='bbox 614 3826 671 3875; x_wconf 90' lang='lat' dir='ltr'><strong>me</strong></span> <span class='ocrx_word' id='word_1_168' title='bbox 702 3801 788 3874; x_wconf 92' lang='lat' dir='ltr'><strong>mihi</strong></span> <span class='ocrx_word' id='word_1_169' title='bbox 812 3826 885 3874; x_wconf 91' lang='lat' dir='ltr'><strong>non</strong></span> <span class='ocrx_word' id='word_1_170' title='bbox 910 3798 1083 3902; x_wconf 75' lang='lat' dir='ltr'><strong>defuisse,</strong></span> <span class='ocrx_word' id='word_1_171' title='bbox 1109 3814 1145 3874; x_wconf 85' lang='lat' dir='ltr'><strong>tn</strong></span> 
     </span>
     <span class='ocr_line' id='line_1_26' title="bbox 157 3919 1145 4002; baseline 0.013 -13"><span class='ocrx_word' id='word_1_172' title='bbox 157 3919 254 3992; x_wconf 82' lang='lat' dir='ltr'><strong>testis</strong></span> <span class='ocrx_word' id='word_1_173' title='bbox 280 3945 325 3994; x_wconf 85' lang='lat' dir='ltr'><strong>ee.</strong></span> <span class='ocrx_word' id='word_1_174' title='bbox 351 3920 446 3995; x_wconf 91' lang='lat' dir='ltr'><strong>Nihil</strong></span> <span class='ocrx_word' id='word_1_175' title='bbox 471 3926 564 3998; x_wconf 91' lang='lat' dir='ltr'><strong>enim</strong></span> <span class='ocrx_word' id='word_1_176' title='bbox 591 3926 634 3999; x_wconf 90' lang='lat' dir='ltr'><strong>de</strong></span> <span class='ocrx_word' id='word_1_177' title='bbox 659 3952 819 4002; x_wconf 88' lang='lat' dir='ltr'><strong>moerore</strong></span> <span class='ocrx_word' id='word_1_178' title='bbox 849 3925 1041 4001; x_wconf 90' lang='lat' dir='ltr'><strong>minuendo</strong></span> <span class='ocrx_word' id='word_1_179' title='bbox 1065 3924 1145 4001; x_wconf 85' lang='lat' dir='ltr'><strong>scri·</strong></span> 
     </span>
    </p>
   </div>
   <div class='ocr_carea' id='block_1_9' title="bbox 0 0 1328 4822">
    <p class='ocr_par' dir='ltr' id='par_1_12' title="bbox 0 0 1328 4822">
     <span class='ocr_line' id='line_1_27' title="bbox 0 0 1328 4822; baseline 0 1"><span class='ocrx_word' id='word_1_180' title='bbox 0 0 1328 4822; x_wconf 95' lang='lat' dir='ltr'><strong> </strong></span> 
     </span>
    </p>
   </div>
  </div>
 </body>
</html>
