2648 4822
243 391 318 490 454
612 409 905 461 innorsrronns.

281 537 352 578 cum
371 514 431 576 lilia
451 517 595 574 incestum
626 514 813 574 commisisse.
846 510 908 573 Sed
937 532 1015 592 quae
1038 509 1120 573 fides
1141 517 1180 574 sit
1200 513 1257 576 be·

280 623 380 684 benda
400 623 532 704 utrique,
553 623 677 703 quisque
698 622 788 679 novit.
809 619 951 680 Ceterum
960 621 1083 700 gravius
1096 621 1253 704 quosdam

280 733 366 814 loqui
385 731 423 790 de
444 730 586 791 Cicerone
607 728 646 788 nd
659 728 809 788 Ciceronis
828 729 918 788 enimi
939 726 1178 791 imbecillitatem
1199 752 1253 792 no-

281 839 401 900 tandam
423 837 501 899 dicta
521 838 620 920 potius
639 846 728 917 sunt,
749 856 842 918 qnam
862 835 902 896 ed
922 838 985 897 eius
1005 838 1251 900 incontinentiam

281 945 530 1028 exprobrandam.

240 1054 443 1138 9Lambinus
473 1075 490 1113 e
520 1055 692 1114 coniectura
721 1054 873 1126 mambre,
904 1071 983 1135 quae
1012 1050 1250 1124 liberalissima,

281 1164 393 1223 etiamsi
414 1172 512 1222 nosset
532 1171 563 1221 et
583 1159 779 1221 Columellam
801 1159 908 1221 eodem
929 1157 1035 1242 modo,
1056 1180 1119 1240 quo
1135 1161 1250 1238 Cicero,

280 1269 413 1329 locutum
438 1268 488 1328 lib.
513 1268 573 1350 tX,
604 1288 629 1327 c.
652 1269 686 1327 3:
708 1266 786 1349 Apis
813 1267 843 1325 si
872 1269 1004 1350 saevior,
1023 1269 1164 1328 maxinre
1181 1289 1249 1350 pes-

279 1380 359 1439 sima
378 1391 438 1448 θεὶς
460 1387 490 1436 et
510 1374 590 1435 olins.
611 1374 692 1435 Eum
713 1377 847 1456 sequitur
868 1373 1031 1434 Schiitzius.
1054 1378 1098 1436 At
1113 1377 1249 1435 maxr'noe

281 1496 324 1545 est
344 1484 393 1544 liic
413 1505 469 1568 pro
489 1505 576 1556 sarie,
598 1497 693 1554 certe;
715 1481 783 1542 vide
804 1483 981 1544 Gesnerum.

246 1613 280 1653 ro
301 1593 396 1670 Quasi
415 1613 453 1653 ex
474 1602 543 1651 voto
564 1602 595 1651 et
615 1593 782 1672 promisso,
804 1612 850 1673 ep.
869 1591 1046 1670 DXXXlll,
1072 1613 1096 1652 ι.
1122 1590 1247 1653 &aaa

245 1720 276 1758 rr
300 1696 454 1778 intellige,
475 1698 650 1780 interipsos
668 1697 802 1760 heredes

245 1825 279 1863 12
302 1805 363 1881 Qui
384 1804 509 1863 Publicii
537 1803 692 1864 cuiusdam
720 1805 836 1884 fuerat,
868 1825 947 1863 nunc
968 1803 1114 1866 Trebonii
1135 1818 1167 1867 et
1186 1806 1248 1866 Cu·

280 1913 344 1972 sinii
365 1911 474 1994 (codd.
499 1911 666 1994 (li-remei),
692 1912 740 1973 vel
761 1916 812 1993 qui
834 1924 898 1974 erat
919 1912 959 1972 nd
978 1915 1057 1974 viam
1077 1913 1246 1975 Publiciam

280 2019 395 2080 Romae
415 2022 446 2084 in
466 2019 550 2081 Cliro
570 2018 725 2099 Publicio,
746 2021 784 2082 de
805 2041 866 2102 quo
888 2020 986 2083 Varro
1006 2022 1040 2080 L
1060 2022 1097 2081 L.
1119 2022 1174 2101 1v,
1198 2024 1248 2104 323

282 2128 409 2209 Ovidius
421 2128 503 2207 Fast
516 2127 556 2211 V,
571 2128 642 2212 294,
658 2140 690 2189 et
701 2129 811 2190 Festus
823 2131 854 2188 in
866 2127 924 2191 hoc
938 2127 1057 2210 voceb.;
1071 2129 1158 2209 qnod
1178 2130 1249 2192 alte·

280 2258 349 2295 rum
362 2239 460 2295 minus
475 2258 580 2297 verum
595 2247 678 2318 puto.
694 2237 770 2297 Nam
786 2237 890 2296 Cicero
904 2257 964 2296 non
983 2234 1104 2310 volebat
1122 2240 1153 2297 in
1173 2238 1249 2299 urbe

280 2345 381 2404 fnnurn
395 2342 473 2405 filine
488 2356 656 2424 exstruere,
670 2347 777 2406 utiam
792 2345 910 2409 monuit
923 2343 960 2405 V.
970 2343 1005 2404 C.
1019 2344 1168 2406 Lemaire.
1181 2347 1250 2426 Alii,

281 2463 315 2510 ut
328 2451 449 2527 Lamb,
463 2451 568 2533 legunt
585 2452 773 2535 publicatus,
787 2450 848 2517 boe
861 2462 905 2512 est
918 2450 1038 2534 publioe
1052 2452 1164 2514 vernalis
1177 2476 1250 2537 pro-

280 2561 399 2640 positus.
421 2559 590 2639 Vtrumque
624 2571 699 2641 puto
730 2581 768 2619 er
795 2561 976 2619 coniectura.
1003 2558 1094 2618 Editt.
1117 2564 1249 2622 enimet

280 2687 347 2725 mss.
368 2668 475 2748 passim
492 2667 679 2748 publicanus.

244 2772 279 2833 13
300 2772 364 2832 Scis
383 2775 413 2832 in
433 2793 470 2832 eo
497 2771 642 2833 aedificati
673 2773 745 2852 nibil
777 2794 861 2855 esse,
893 2795 954 2856 quo
979 2776 1092 2836 maiore
1112 2779 1248 2858 impensa

279 2879 382 2938 fanum
402 2890 478 2941 esset
497 2879 704 2942 extruendum.
725 2880 842 2943 Manet.

244 2987 280 3061 14
301 2986 396 3046 Horti.

244 3093 279 3154 15
301 3093 366 3153 Hoc
387 3107 445 3175 est,
465 3099 518 3156 nisi
539 3095 664 3178 fanum,
697 3096 780 3178 quod
812 3096 968 3193 aedificare
990 3103 1104 3182 cogite,
1132 3104 1246 3162 etiamsi

279 3200 381 3260 hortos
402 3203 465 3262 ilios
484 3205 574 3263 Drusi
596 3224 657 3263 non
677 3200 822 3265 habuero.

242 3305 279 3369 16
289 3308 384 3385 Cyrus
395 3310 447 3391 lV,
457 3309 494 3372 V.
505 3312 654 3393 Diogenes
666 3312 803 3374 Lebrtius
814 3315 853 3392 fin
866 3313 1035 3375 Antisthene
1048 3313 1152 3387 libili,
1159 3337 1184 3376 c.
1197 3315 1246 3397 16)

278 3416 481 3478 Antisthenem
501 3419 592 3480 refert
612 3419 687 3479 duos
707 3418 798 3480 libros
819 3421 888 3496 Cyri
909 3424 1028 3480 nomine
1049 3424 1244 3504 inscripsisse,

277 3545 408 3605 quorum
428 3546 505 3586 unus
525 3538 634 3607 quarto
654 3538 738 3586 tomo
765 3548 891 3610 opernm
911 3527 1090 3588 Antisthenis
1110 3533 1245 3589 contine-

277 3628 387 3711 batur,
418 3632 493 3693 alter
523 3636 635 3714 quinto.
667 3634 771 3717 ltaque
802 3647 964 3716 utrumque
996 3647 1110 3696 tomum
1137 3636 1243 3697 Cicero

277 3738 401 3799 Graecis
422 3739 512 3801 literis
532 3761 616 3802 more
637 3742 823 3803 Graecorum
843 3745 972 3820 notarit,
993 3741 1072 3824 apud
1095 3763 1172 3823 quos
1188 3765 1245 3802 nu·

280 3866 381 3909 merus
405 3851 610 3930 quaternarius
631 3842 704 3917 τῷδ
725 3850 910 3933 designatur,
936 3862 966 3910 et
992 3852 1144 3932 quinarius
1167 3853 1207 3919 τῷ
1220 3868 1240 3900 1·

252 4003 257 4010 .
281 3952 392 4015 Scribit
411 3977 503 4038 ergo,
524 3957 636 4034 Cyrum
657 3962 755 4038 quarti
780 3971 810 4020 et
830 3961 925 4040 quinti
949 3962 1022 4020 tomi
1042 3961 1082 4019 ita
1101 3957 1156 4020 sibi
1177 3959 1243 4040 pln-

278 4061 391 4144 cuisse,
411 4073 446 4124 ut
467 4075 569 4126 cetere
588 4064 775 4129 Antisthenis.
796 4068 913 4132 Bossui.
