2648 4822
151 403 224 496 tan
517 420 790 472 Annonariam

151 525 172 587 8
192 526 342 586 Emuntur
362 531 486 604 propter
506 521 597 584 civilis
617 521 686 583 belli
707 520 975 603 perturbationem.

151 654 173 716 9
193 631 237 691 Cf.
258 650 328 690 cum
349 650 395 712 ep.
416 628 595 712 DLXXlll,
615 647 644 688 2.

157 760 192 801 ro
214 739 252 816 Q.
273 735 388 798 Gallim
407 735 532 815 Reum,
552 733 591 796 de
611 754 672 817 quo
691 733 790 821 Nepos
810 735 841 795 in
860 734 959 795 Attico
979 755 1006 797 e.
1034 755 1082 798 ιο.
1146 800 1149 803 ,

157 867 189 909 11
214 843 323 906 Schutz
346 841 377 904 0
392 842 497 925 gulam
516 841 555 924 Q.
576 841 732 903 mutant
755 841 803 904 Da
823 840 937 918 Quinto
957 839 1023 904 lilio
1042 841 1096 903 hic
1117 847 1167 925 agi

193 950 379 1032 Tunstallus,
399 947 439 1012 de
457 949 563 1011 Mareo
582 947 645 1011 filio
665 948 846 1031 Mongaltins
867 950 1038 1012 coniicitmt.
1051 949 1112 1014 Alii
1126 949 1167 1012 ad

194 1058 360 1139 Othonem,
381 1057 430 1119 alii
448 1055 490 1118 ad
509 1058 630 1120 Kanum
649 1056 788 1120 retulere.
808 1055 910 1119 Verba
927 1055 1023 1140 pudet
1040 1078 1091 1119 me
1107 1080 1168 1141 pa·

193 1168 247 1227 tris
268 1165 306 1227 de
319 1166 358 1245 Q.
369 1163 431 1226 filio
450 1165 499 1227 hic
513 1186 576 1228 esse
596 1185 765 1226 sermonem
778 1167 914 1227 inuuunt.
930 1163 1100 1247 Smipserat
1114 1163 1166 1225 ali·

194 1273 269 1355 quid
283 1275 396 1338 Atticus
415 1274 455 1335 'da
474 1275 577 1335 insana
596 1274 635 1353 Q.
655 1271 708 1334 filii
736 1273 875 1356 luxuria,
905 1275 955 1334 eui
984 1273 1094 1336 Cinam
1115 1294 1167 1335 re-

195 1379 321 1466 spondet
341 1402 411 1442 cum
431 1381 647 1463 indignatione:
672 1379 703 1442 0
718 1382 823 1464 gulam
842 1380 997 1442 insultam.

595 1620 718 1682 Dxcn.

72 1812 75 1817 '
162 1794 175 1871 t
197 1806 273 1865 Fani
293 1803 478 1866 aedificandi.
499 1807 535 1866 di
553 1827 613 1868 non
633 1805 801 1880 auidum,
833 1809 857 1867 si
881 1806 952 1867 mihi
980 1809 1011 1867 in
1030 1817 1169 1869 mentem

196 1933 258 1974 non
279 1916 412 1975 venisset.

64 2062 67 2069 .
158 2039 177 2080 n
197 2019 245 2080 De
257 2020 365 2080 'anima
384 2031 547 2102 utrumque
567 2040 744 2083 sermonem.
765 2020 904 2083 Muretus
925 2019 1025 2102 utique
1047 2033 1169 2106 ιαταβά

199 2141 277 2195 moe,
296 2126 356 2189 vid.
378 2149 424 2210 ep.
445 2148 510 2211 sup.
533 2147 561 2187 a.

159 2231 385 2296 dTuseulanas
405 2234 626 2318 disputationes.
656 2235 692 2296 ln
720 2233 829 2297 hanam
856 2237 934 2296 enim
954 2233 1005 2296 lib.
1026 2235 1059 2315 1,
1079 2256 1107 2297 e.
1136 2259 1172 2298 ro

197 2340 373 2403 Dicaearchi
394 2342 597 2406 Corinthiacos
617 2341 730 2425 libros,
760 2353 791 2404 et
809 2363 835 2404 c.
858 2344 894 2404 δι
918 2341 1094 2424 Lesbiaoos,
1116 2364 1173 2406 seu

197 2467 350 2513 sermones
369 2451 516 2528 Mitylenis
535 2449 674 2534 habitos,
694 2462 851 2512 memorat.
871 2450 990 2512 &tun

158 2554 282 2631 didest
305 2557 382 2619 liber
413 2560 424 2616 l
458 2559 497 2620 de
517 2560 604 2639 Fin,
631 2562 661 2619 iu
683 2578 744 2640 quo
766 2561 939 2640 Torquatus
959 2555 1115 2640 disputat3
1137 2569 1173 2618 ut

200 2663 309 2724 Brutus
328 2665 498 2727 inscribitur
517 2664 593 2725 liber
612 2663 651 2725 de
674 2664 773 2726 Clarii
796 2665 986 2742 Oratoribus,
1006 2662 1130 2745 aliique.

158 2765 180 2828 5
200 2769 250 2829 Sic
270 2770 332 2840 duo
352 2773 468 2834 Bosiani
489 2772 572 2856 apud
591 2772 784 2854 Emestium,
813 2775 865 2853 qui
895 2782 924 2832 et
947 2769 1072 2852 vulgato
1093 2773 1173 2832 iussi

200 2879 348 2962 praetulit.
369 2881 444 2940 Nam
464 2881 540 2941 imst
559 2894 591 2941 nt
608 2900 670 2941 non
688 2879 766 2942 bene
780 2883 849 2941 satis
862 2878 967 2959 habat,
980 2889 1011 2939 et
1027 2876 1172 2940 &allum

201 3003 230 3049 ct
249 2987 407 3047 Lucullum
427 3000 515 3049 antea
539 3007 601 3049 non
631 2998 730 3071 potest
751 2987 790 3048 ad
810 2989 884 3047 iussi
902 2986 1026 3067 referri,
1052 2986 1107 3047 sed
1129 2987 1172 3049 ad

201 3096 272 3155 misi
291 3094 458 3158 commoda.

160 3201 268 3264 6Hoc
289 3211 352 3284 est,
383 3201 458 3264 duos
484 3202 734 3265 Academicorum
763 3202 878 3284 libros,
908 3198 1173 3283 quemadmodum

201 3330 253 3371 eos
272 3312 404 3392 primum
424 3310 529 3371 Cicero
559 3313 747 3395 inscripserat
777 3309 991 3390 edideratque3
1022 3327 1095 3367 nam
1116 3329 1172 3369 eos

200 3418 309 3477 iterum
330 3417 420 3477 edens
441 3418 471 3477 in
491 3430 623 3500 quatuor
641 3421 768 3502 partitus
788 3429 850 3499 est3
871 3437 918 3500 ep.
938 3414 1034 3493 DCV,
1060 3436 1084 3475 1.

161 3545 180 3607 7
201 3525 268 3585 Non
288 3525 370 3586 aliud
389 3524 511 3609 intelligi
531 3538 630 3611 potest
648 3549 704 3612 per
721 3548 775 3590 eas
796 3527 914 3606 literas,
938 3543 1031 3605 quam
1055 3542 1176 3604 prooe-

201 3634 260 3693 mia
281 3635 351 3717 ista,
371 3633 539 3717 dequibus
559 3647 604 3697 est
624 3655 730 3697 sermo.
753 3635 827 3696 Nam
849 3653 938 3693 omne
959 3650 1052 3710 genus
1066 3634 1172 3713 scripti

202 3740 353 3801 litemntm
372 3744 493 3805 nomina
513 3741 701 3825 significatur.

162 3844 182 3907 8
203 3847 366 3907 Lambinus
387 3851 566 3917 intellexisti.

163 3973 185 4039 9
204 3952 264 4017 Per
284 3957 384 4038 signa,
409 3977 465 4041 per
490 3969 584 4019 notas.
608 3950 713 4020 Exstat
733 3953 771 4016 de
798 3957 873 4017 mtis
894 3955 1099 4015 Romanorum
1121 3975 1173 4013 ve·
