2648 4822
483 433 522 482 rr
545 431 761 499 errorores»
930 425 933 428 “
1038 415 1114 513 429

105 559 128 620 9
148 537 189 599 Vt
208 537 364 618 pecuniam
387 534 425 594 ab
446 538 495 614 iis,
515 539 567 618 qui
588 535 714 616 debent,
735 538 856 618 exigam.

110 665 146 706 ιο
165 643 269 704 Hortis
289 647 356 704 suis.
376 644 449 704 Mox
470 645 586 726 Lipsius
606 643 663 725 (A.
684 643 840 722 Lect'lV,
860 644 901 726 9)
938 642 1069 705 malebat
1088 657 1116 706 et

147 752 175 812 is
196 752 308 825 usuras,
329 762 363 811 ut
384 750 520 812 Olivetus
541 751 642 811 edidit.

112 879 144 919 ιι
168 859 267 920 Facile
289 859 537 941 commovebitur,
552 871 586 918 ut
600 858 775 920 solutionem
788 862 818 919 in
833 866 943 920 manuni
960 858 1114 944 differam,

148 970 320 1049 intereaque
341 971 437 1027 usuris
457 977 612 1027 contentus
633 969 677 1026 sit.
698 967 815 1027 «isirin.

112 1093 147 1133 ιι
167 1073 312 1133 Existimo
334 1086 419 1133 tuum
441 1095 503 1134 esse
524 1075 685 1153 negotium.
708 1074 822 1134 Maium

409 1320 412 1325 ·
558 1287 664 1347 DXLl.

114 1416 125 1455 ι
149 1394 205 1478 Ep.
227 1391 393 1473 Dxx1‚2.

109 1522 126 1563 a
147 1501 204 1585 Ep.
225 1502 430 1584 DXXXVlll,
451 1503 478 1562 5.

108 1609 126 1670 3
148 1604 312 1691 Scripserat
333 1613 458 1686 Atticus:
481 1630 574 1691 quum
596 1611 710 1671 Romae
732 1613 802 1688 eris,
816 1614 839 1669 si
860 1613 971 1670 versari
994 1612 1023 1669 in
1043 1609 1109 1670 foro

148 1737 208 1776 non
239 1715 359 1798 libebit,
385 1717 468 1798 quod
495 1716 641 1798 quosdam
668 1716 804 1776 homines
829 1737 926 1798 aequo
953 1716 1055 1776 animo
1075 1718 1118 1776 'vi'

148 1824 219 1885 dere
245 1845 307 1883 non
332 1827 445 1906 possis3
472 1837 502 1883 at
528 1823 608 1884 domi
637 1845 698 1885 esse
720 1827 847 1907 poteris,
875 1845 953 1905 quae
980 1823 1037 1884 tibi
1060 1812 1117 1885 erit

148 1951 204 2014 pro
225 1930 299 1992 foro.
322 1931 365 1992 lta
392 1943 423 1992 et
447 1935 480 1991 iis
504 1933 683 2013 satisfacies,
713 1935 764 2013 qui
792 1953 810 1991 a
837 1943 866 1993 te
893 1931 1057 2015 postulant,
1078 1952 1117 2011 ¹¹t

148 2039 262 2100 Romae
283 2042 335 2117 sis,
356 2051 386 2100 et
406 2044 583 2123 assequeris,
597 2039 681 2120 quod
700 2050 734 2100 tu
755 2044 811 2122 ris,
825 2051 859 2101 ut
880 2040 977 2101 iorum
999 2061 1037 2100 ne
1060 2039 1117 2100 lie·

147 2158 281 2227 quantes.
302 2147 417 2209 Manat.

107 2255 129 2330 4
150 2253 300 2336 ΤιιΙΙῑιιιι];
322 2276 367 2336 ep.
389 2253 556 2332 Dxx1,5.
581 2253 704 2315 Garrod.

108 2359 263 2444 Sllempe
293 2362 429 2421 Romam.
460 2361 577 2423 Sobila.
608 2361 682 2421 Mox
713 2359 780 2419 edd.
815 2360 889 2420 lens
917 2358 993 2421 Vici
1023 2357 1112 2420 Here.

147 2467 326 2548 mamerti,
345 2468 454 2529 seilicet
473 2489 491 2527 a
512 2467 678 2528 solitudine.

107 2573 199 2638 usic
218 2576 386 2658 corrigebat
406 2576 558 2637 Manutius
578 2586 609 2637 et
628 2576 744 2658 Lipsius
765 2573 843 2655 vulg.
862 2587 982 2655 praeter
1001 2573 1115 2646 me,.il-

150 2681 253 2767 losque
273 2693 439 2766 sequuntur
459 2682 627 2762 Ernestius,
641 2681 795 2744 Schtitaius
810 2691 840 2742 et
859 2682 1030 2763 nuperrime
1051 2677 1114 2741 edi·

152 2803 200 2852 tor
218 2792 390 2853 Parisiensis
409 2793 555 2854 Lemaire.

110 2920 129 2979 7
152 2899 240 2978 Quae
260 2901 396 2982 proxime
416 2902 559 2982 sequitur.
581 2898 697 2961 Manui.

109 3004 130 3068 8
151 3006 360 3085 Caesarianus,
390 3027 429 3067 ex
456 3008 543 3068 Attici
568 3008 715 3085 oonvirirg
742 3007 788 3086 ep'.
816 3023 875 3085 seq.
903 3003 921 3062 3
949 3001 1043 3063 etad
1069 3022 1115 3083 ep.

151 3112 297 3173 CDXLV.
319 3112 438 3194 Vbique
466 3112 532 3174 edd.
560 3124 629 3175 vett
657 3133 726 3178 cum
748 3111 823 3176 vici.
852 3122 882 3171 et
905 3109 976 3170 Ern.
1003 3107 1115 3170 babent

151 3219 286 3281 Aledius.

111 3347 133 3407 9
152 3327 193 3387 Vt
213 3330 243 3386 in
264 3339 399 3388 senatum
420 3331 535 3406 venire,
562 3338 592 3388 et
616 3331 750 3409 ipsorum
771 3324 809 3387 de
830 3348 863 3387 re
884 3324 967 3408 publ.
989 3321 1114 3384 consiliis

152 3433 242 3494 velles
261 3438 407 3496 interesse.

119 3558 154 3598 10
174 3539 356 3622 Caesariani,
377 3545 429 3622 qui
450 3563 520 3602 eum
542 3545 572 3602 in
593 3552 727 3601 senatum
748 3539 898 3601 adducere
920 3537 1069 3600 volebant.

120 3666 151 3704 ιι
176 3646 250 3707 Ante
264 3647 434 3709 Subiitzium
455 3648 624 3731 oorrigobat
636 3648 803 3725 Emesam,
817 3660 847 3708 et
864 3658 933 3707 ante
946 3645 1117 3705 Ernestium

157 3748 287 3812 babebat
308 3753 471 3837 llervagius
491 3777 550 3818 tion
577 3755 715 3833 miniano,
742 3757 811 3836 quia
838 3758 868 3814 in
897 3753 964 3814 edd.
991 3761 1059 3813 vett.
1088 3761 1118 3811 et

158 3880 225 3918 mss.
246 3881 306 3919 non
326 3882 380 3942 pro
400 3886 476 3924 rimie
497 3862 709 3946 reperiebatur.

122 3988 155 4027 ιι
179 3967 275 4028 Huius
297 3967 505 4037 celeberrimae
525 3972 680 4051 legationis
701 3990 812 4031 annum
833 3969 966 4050 designat
985 3971 1047 4049 ipae
1067 3965 1118 4028 ci-
