2648 4822
1028 332 1051 373 0

484 448 520 494 m
548 441 738 492 nrrsronts
1040 422 1113 524 447

144 553 302 633 Virgilium
316 563 346 612 et
360 549 504 610 Ovidium
518 551 577 607 iam
594 549 739 608 docuerat
754 546 904 606 Homerus
918 546 1044 629 (Odyss.
1055 549 1115 628 Xl,

144 686 170 722 v.
186 662 264 740 540,
286 661 396 741 seqq),
417 679 508 739 quem
522 659 629 739 pressis
644 657 771 735 vestigiis
792 657 925 714 imitatur
944 655 1114 717 Fenelonus

145 771 348 853 (Telemaque
363 768 437 825 XlX
451 777 520 847 post
531 763 629 844 med.)
650 763 773 844 loquens
795 763 833 822 de
854 764 957 822 animis
972 764 1001 822 in
1013 763 1115 839 Elysio

144 877 335 957 degentibus:
355 875 401 933 Ils
413 886 593 945 conservent,
616 874 725 952 inquit,
746 891 849 931 encore
864 871 904 929 ici
917 871 994 930 leurs
1013 871 1115 952 peines

143 1001 170 1045 ct
184 987 260 1043 leurs
282 981 399 1064 diffamer
421 981 560 1041 naturels.
582 981 643 1040 Nec
658 985 817 1062 po'dtarum
832 989 948 1039 tanturn
963 977 1116 1039 haeserat

144 1095 261 1174 opinio,
282 1090 334 1150 sed
356 1092 446 1149 etiarn
466 1088 725 1171 philosophorum.
746 1087 823 1148 Vide
844 1086 1040 1147 Plutarchum
1061 1086 1117 1169 (Εἰ

143 1210 230 1271 καλῶς
249 1209 354 1284 εἴρηται
372 1205 403 1260 τὸ
423 1207 616 1280 λαθεβίωσας,
644 1199 675 1256 in
700 1193 801 1278 fine),
824 1198 875 1277 qui
906 1197 1018 1254 animas
1048 1207 1116 1278 post

143 1319 270 1367 mortem
283 1306 424 1366 describit
438 1317 544 1365 mutua
559 1327 590 1365 se
610 1303 824 1365 consuetudine
839 1303 1020 1364 oblectantes
1034 1323 1116 1363 com·

142 1415 344 1475 memorandis
366 1425 396 1474 et
421 1414 600 1496 explicandis
615 1412 706 1474 rebus
722 1415 888 1496 praeteritis
902 1434 937 1471 ac
950 1414 1115 1494 praesenti·

141 1523 215 1605 bus3
230 1523 387 1583 Platonem
404 1525 451 1601 (in
465 1523 594 1603 Gorgia,
609 1525 688 1583 circa
700 1520 784 1605 fin),
798 1525 848 1603 qni
868 1521 969 1599 docet,
984 1522 1114 1580 animam

141 1653 267 1714 corpore
288 1632 465 1692 disiunctum
486 1654 574 1692 suum
595 1632 733 1692 habitum
746 1635 891 1712 retinere,
911 1634 940 1691 in
962 1651 1057 1711 eaque
1071 1631 1114 1689 in·

140 1739 266 1800 haerere
287 1752 349 1800 tam
374 1762 451 1822 quae
477 1763 515 1801 cx
535 1753 661 1822 natura,
687 1762 778 1823 quam
800 1762 877 1822 qnae
899 1761 936 1800 ex
957 1736 1114 1799 affectibus

141 1859 331 1908 contraxerat
351 1860 434 1929 ante,
456 1871 546 1930 quam
569 1871 678 1933 corpus
693 1852 816 1910 exuerit.
839 1847 967 1908 Consule
983 1847 1113 1907 Vincen-

140 1959 216 2015 tium
236 1957 332 2017 Monti
355 1957 488 2034 (Lettera
502 1959 659 2019 all’Abate
678 1959 800 2019 Saueno
822 1956 1002 2034 Bettinelli),
1018 1974 1113 2037 aquo

140 2064 202 2124 lere
216 2063 360 2125 hactenus
374 2066 524 2148 disputata
544 2067 707 2128 hausimus.
730 2069 765 2126 ln
784 2066 933 2148 aliquibus
953 2065 1035 2126 libris
1053 2068 1114 2127 sive

140 2193 226 2254 mss,
246 2176 306 2232 sive
327 2177 475 2256 impressis
497 2178 525 2233 si
544 2177 599 2258 qni
617 2210 659 2219 —
678 2198 781 2235 seruus
801 2189 852 2235 est.
874 2175 947 2234 Mox
960 2175 1016 2257 qui
1033 2175 1114 2235 illim

140 2280 170 2338 in
191 2293 217 2338 tc
237 2302 326 2340 antor
342 2281 421 2362 snit,
450 2294 556 2341 notum
576 2283 720 2364 loquendi
742 2303 850 2364 genus,
877 2282 960 2363 quod
980 2282 1049 2343 vide
1076 2281 1115 2344 ad

139 2410 185 2470 cp.
208 2389 377 2469 CLXXXI,
404 2411 413 2448 t
439 2401 470 2449 et
489 2390 577 2471 plura
597 2393 629 2449 in
648 2391 713 2450 Ind.

100 2517 140 2577 29
161 2496 261 2576 Vulgo
281 2497 393 2578 apisci,
416 2498 500 2578 quod
521 2520 539 2556 a
564 2498 698 2560 Victoria
719 2495 821 2581 fluxit,
843 2509 877 2557 nt
897 2509 927 2558 ct
947 2514 1038 2579 supra
1057 2517 1114 2579 op-

136 2602 243 2684 pidum
264 2626 320 2686 pro
340 2605 518 2687 oppidorum
529 2629 540 2677 ‚·
563 2628 641 2687 quae
664 2607 725 2667 duo
743 2627 814 2665 cum
827 2605 951 2688 corfieri
971 2625 1027 2686 pro
1035 2604 1115 2687 fieri

138 2711 290 2792 aliquanto
311 2716 478 2794 antiquiora
500 2735 563 2775 esse
584 2716 664 2775 idem
686 2715 837 2777 Victorius
858 2715 1007 2775 iudicavit

102 2819 140 2879 30
161 2820 217 2879 Ed.
238 2823 294 2881 Ro.
314 2844 484 2902 cognovero.

535 3042 672 3102 DLl‘lll.

105 3272 113 3308 1
140 3252 244 3311 Lamb.
259 3254 483 3315 benivolentiam
494 3258 566 3337 pari
580 3255 742 3338 prudentia
754 3259 959 3330 conninctanm
971 3261 1060 3322 Amb.
1077 3260 1111 3321 15

139 3360 361 3420 berrivolentinm
378 3376 459 3423 trram
473 3365 660 3424 caniturarum
671 3370 744 3447 pari
754 3366 927 3449 prudentia3
936 3368 1112 3448 Mart—Lag.

139 3467 363 3528 benivolentiam
380 3474 453 3552 pari
470 3473 630 3553 prudentia
650 3477 815 3534 coniuncta.
838 3475 917 3535 lnlra
931 3474 999 3536 edd.
1012 3497 1057 3558 pr.
1070 3495 1113 3537 ει

142 3574 198 3629 tuis
220 3577 319 3638 literis.

100 3698 116 3734 2
140 3680 204 3738 Non
226 3684 355 3763 pendere
382 3708 416 3746 ex
443 3688 572 3747 fortuna.
600 3690 708 3752 Parod.
737 3694 779 3750 ll:
807 3695 904 3752 Nrnw
930 3707 1027 3774 potest
1051 3714 1111 3762 non

139 3785 324 3850 beatissimus
344 3817 424 3866 esse,
446 3798 500 3876 qni
519 3810 563 3856 cst
582 3791 657 3857 totns
683 3813 771 3880 nptias
799 3820 840 3859 rx
866 3825 897 3859 se
924 3824 973 3872 se,
999 3803 1123 3884 quique

141 3895 171 3954 in
185 3919 216 3954 se
231 3919 287 3957 rino
308 3922 364 3962 sua
382 3905 468 3984 ponit
488 3908 600 3967 omnia.
627 3907 682 3967 Cui
701 3923 799 3968 aretem
820 3930 887 3989 spes
908 3911 1004 3969 onnus
1021 3925 1049 3970 et
1061 3931 1110 3970 m·

140 4005 180 4062 tio
201 4016 228 4064 et
247 4009 383 4087 cogitatio
401 4012 509 4093 pendet
528 4033 570 4075 ex
582 4013 726 4093 finwnu,
748 4019 817 4076 linio
838 4017 913 4076 nint
928 4030 1027 4100 potent
1044 4040 1108 4079 esse

840 4386 1095 4540 Α
