2648 4822
250 404 315 475 rssu
527 417 533 430 ·
572 416 742 466 crissoto
770 419 885 467 mnis.
1017 419 1100 467 nv.
1119 423 1147 468 c.
1167 420 1214 482 με

244 540 421 628 optutus..
448 521 600 594 dicerem
633 520 805 593 iucundus
825 538 848 617 ¹,
880 521 945 592 nisi
969 520 1008 592 id
1032 521 1178 594 verbum
1204 526 1239 597 in

245 678 349 726 omne
375 667 512 751 tempus
537 646 775 750 perdidissem.
810 647 932 751 Neque
958 647 1108 719 obeam
1133 675 1239 720 unam

246 805 401 877 causam,
434 803 539 879 quam
573 789 609 848 tu
636 776 843 877 suspicaris,
876 787 911 847 et
938 774 1069 875 inqua
1095 776 1240 873 me,le-

245 907 395 981 nissimis
421 918 456 976 et
481 901 725 975 amantissimis
750 900 865 975 verbis
890 913 1011 1000 utens,
1028 929 1066 976 re
1092 903 1241 1001 graviter

246 1058 407 1115 accusas:
430 1029 490 1103 sed
517 1027 627 1131 quod,
650 1025 741 1100 illius
769 1029 858 1101 tanti
883 1027 1061 1102 vulneris²
1087 1054 1176 1129 quae
1192 1054 1241 1100 re·

245 1157 361 1230 inedia
387 1183 460 1228 esse
487 1154 687 1252 debebant,
706 1181 746 1227 ea
771 1153 866 1227 nulla
891 1169 982 1226 suist.
1008 1155 1105 1246 Quid
1128 1154 1241 1227 enimi

246 1283 292 1358 nd
323 1283 499 1356 amicosne
532 1280 751 1379 confugiam?
785 1282 901 1372 Quam
927 1279 1026 1353 multi
1051 1280 1240 1354 sonti-ha-

245 1409 387 1482 buimus
420 1410 515 1480 enim
539 1407 612 1480 sem
636 1424 860 1505 communes;
894 1430 1042 1508 quorum
1068 1407 1125 1480 alii
1150 1410 1240 1481 ocei-

248 1533 375 1608 derunt
388 1536 413 1634 ³3
430 1520 505 1634 aiii,
524 1535 643 1606 nescio
671 1550 741 1636 quo
767 1548 887 1633 pacto,
912 1533 1161 1608 obduruerunt.
1177 1536 1242 1608 Te·

248 1687 326 1735 cum
355 1661 470 1734 vivere
496 1686 653 1761 possem,
678 1660 840 1760 equidem
864 1675 900 1733 et
917 1663 1065 1735 maxime
1083 1659 1241 1736 vessemi:

246 1801 424 1885 vetustas,
457 1813 573 1884 amor,
605 1786 841 1886 consuetudo,
866 1788 980 1862 studia
1006 1790 1124 1889 paria,
1149 1786 1242 1892 quod

245 1913 405 1988 vinclum
428 1914 528 2014 quusi
552 1926 605 1984 est
630 1927 769 1986 nostrae
794 1916 1053 1989 coniunctionis
1071 1919 1097 1990 ⁵.
1120 1918 1243 1990 Possu-

246 2052 370 2112 musne
403 2037 508 2137 igitur
538 2055 613 2110 esse
650 2039 744 2111 unai
778 2066 844 2112 uec
876 2042 1108 2115 mehereuie⁶
1143 2042 1243 2117 intel-

248 2165 335 2264 ligo,
373 2165 458 2266 quid
494 2164 685 2264 impediat,
721 2165 784 2238 sed
817 2183 911 2240 certe
942 2162 1057 2241 adbuc
1083 2194 1156 2242 non
1178 2171 1243 2242 iui-

247 2317 326 2364 mus
343 2348 354 2391 ,
397 2318 504 2394 quum
542 2317 694 2364 essemus
733 2292 839 2364 vicini
876 2295 912 2367 in
949 2294 1172 2397 Tusculano,
1206 2298 1242 2369 iu

248 2416 443 2492 Puteolano
463 2438 486 2491 ⁷.
518 2418 609 2490 Nam
644 2418 729 2519 quid
761 2419 874 2492 dicam
901 2423 937 2493 in
963 2422 1067 2493 urbe?
1093 2424 1131 2495 in
1155 2451 1243 2525 qua,

250 2568 357 2646 quum
383 2545 496 2617 forum
523 2570 709 2617 commune
733 2546 795 2645 sit,
820 2548 981 2621 vicinitas
1007 2574 1080 2620 non
1105 2551 1244 2651 requiri·

250 2683 316 2743 tur.
342 2669 429 2767 Sed,
454 2696 536 2742 casu
561 2672 680 2744 nescio
706 2698 791 2772 quo,
814 2673 852 2744 iu
876 2699 918 2745 ea
943 2688 1099 2774 tempora
1126 2691 1242 2749 nostra

241 2803 348 2866 'aetra
371 2795 511 2893 incidit,
527 2810 582 2893 ut,
598 2818 706 2896 quum
732 2801 880 2872 maxime
904 2797 1029 2873 florere
1054 2827 1118 2873 nos
1143 2828 1244 2903 opor-

252 2919 356 3016 teret,
383 2932 457 2990 tum
482 2921 598 2993 vivere
625 2923 729 2993 etiam
753 2925 909 3023 puderet.
927 2920 1034 3019 Quod
1051 2928 1144 3000 enim
1161 2927 1244 2999 mihi

250 3058 390 3144 poterat
415 3071 489 3118 esse
516 3047 730 3146 perfugium,
756 3050 907 3149 spoliato
933 3067 970 3125 et
995 3053 1193 3127 domesticis
1210 3068 1246 3126 et

252 3169 445 3244 forensibus
471 3178 685 3247 ornamentis
711 3191 814 3277 atque
840 3177 988 3250 solatiis?
1007 3181 1159 3279 Literue,
1176 3207 1247 3253 cre-

253 3294 315 3394 do,
341 3298 465 3396 quibus
492 3314 572 3373 utor
597 3302 754 3375 assidue:
787 3303 872 3402 quid
898 3306 990 3376 enim
1017 3305 1111 3378 aliud
1136 3307 1245 3379 iacere

251 3423 421 3519 possum?
445 3425 534 3524 Sed,
558 3429 676 3502 neseio
702 3429 898 3531 quomodo,
930 3431 1027 3529 ipsae
1054 3432 1131 3504 ittae
1147 3434 1164 3507 ⁸.
1187 3457 1245 3504 ex-

234 3543 391 3656 cludere
417 3575 472 3620 me
499 3578 516 3620 a
545 3568 648 3652 portu
670 3569 706 3627 et
723 3555 880 3654 perfugio
898 3554 1078 3654 videntur,
1097 3573 1132 3628 et
1150 3558 1246 3658 quasi

248 3664 479 3772 exprobrare,
505 3679 662 3777 ‹‘1uod1n
688 3699 727 3753 en
755 3684 827 3753 vita
854 3703 1032 3780 maneam,
1048 3685 1084 3754 in
1105 3705 1173 3784 qua
1198 3684 1247 3755 ni·

248 3782 300 3870 hil
333 3797 434 3895 insit,
468 3796 532 3873 nisi
573 3811 813 3907 propagatio9
848 3802 1032 3880 miserrimi
1071 3809 1245 3911 temporis

250 3915 316 3994 Hie
343 3938 379 3997 tu
406 3952 444 3998 ea
480 3955 534 4000 ine
568 3930 687 4007 abesse
722 3935 807 4006 urbe
836 3932 991 4032 miraris,
1025 3936 1061 4007 in
1088 3958 1156 4037 qua
1182 3933 1245 4006 do-
