<?xml version="1.0" encoding="UTF-8"?>
<!DOCTYPE html PUBLIC "-//W3C//DTD XHTML 1.0 Transitional//EN"
    "http://www.w3.org/TR/xhtml1/DTD/xhtml1-transitional.dtd">
<html xmlns="http://www.w3.org/1999/xhtml" xml:lang="en" lang="en">
 <head>
  <title>
</title>
<meta http-equiv="Content-Type" content="text/html;charset=utf-8" />
  <meta name='ocr-system' content='tesseract 3.04.00' />
  <meta name='ocr-capabilities' content='ocr_page ocr_carea ocr_par ocr_line ocrx_word'/>
</head>
<body>
  <div class='ocr_page' id='page_1' title='image "./mtulliiciceroni11cicegoog/mtulliiciceroni11cicegoog_0527.png"; bbox 0 0 2648 4822; ppageno 0'>
   <div class='ocr_carea' id='block_1_1' title="bbox 157 432 1181 1815">
    <p class='ocr_par' dir='ltr' id='par_1_1' title="bbox 159 432 795 508">
     <span class='ocr_line' id='line_1_1' title="bbox 159 432 795 508; baseline -0.024 -1"><span class='ocrx_word' id='word_1_1' title='bbox 159 432 232 508; x_wconf 82' lang='lat'>520</span> <span class='ocrx_word' id='word_1_2' title='bbox 524 445 795 496; x_wconf 71' lang='lat' dir='ltr'>sunorsrronrs</span> 
     </span>
    </p>

    <p class='ocr_par' dir='ltr' id='par_1_2' title="bbox 157 549 1181 943">
     <span class='ocr_line' id='line_1_2' title="bbox 157 549 1181 632; baseline -0.017 -12"><span class='ocrx_word' id='word_1_3' title='bbox 157 557 180 619; x_wconf 84' lang='grc'><strong>6</strong></span> <span class='ocrx_word' id='word_1_4' title='bbox 199 549 1181 632; x_wconf 66' lang='lat' dir='ltr'>verhe21tiesi,uonmaperetonn&#39;nemaspametmpm‚</span> 
     </span>
     <span class='ocr_line' id='line_1_3' title="bbox 197 640 1180 738; baseline -0.011 -13"><span class='ocrx_word' id='word_1_5' title='bbox 197 640 320 725; x_wconf 68' lang='lat' dir='ltr'>insidiis</span> <span class='ocrx_word' id='word_1_6' title='bbox 330 671 412 722; x_wconf 86' lang='lat' dir='ltr'>recte</span> <span class='ocrx_word' id='word_1_7' title='bbox 426 657 539 720; x_wconf 80' lang='lat' dir='ltr'>iudicet</span> <span class='ocrx_word' id='word_1_8' title='bbox 550 655 749 718; x_wconf 75' lang='lat' dir='ltr'>Velkeniirirn</span> <span class='ocrx_word' id='word_1_9' title='bbox 761 656 793 714; x_wconf 88' lang='lat' dir='ltr'>in</span> <span class='ocrx_word' id='word_1_10' title='bbox 806 651 881 735; x_wconf 74' lang='lat' dir='ltr'>frag.</span> <span class='ocrx_word' id='word_1_11' title='bbox 894 652 1010 736; x_wconf 83' lang='lat' dir='ltr'>Eurip.</span> <span class='ocrx_word' id='word_1_12' title='bbox 1026 674 1101 738; x_wconf 71' lang='lat' dir='ltr'>pag.</span> <span class='ocrx_word' id='word_1_13' title='bbox 1120 655 1180 738; x_wconf 56' lang='lat' dir='ltr'>roi</span> 
     </span>
     <span class='ocr_line' id='line_1_4' title="bbox 198 764 1179 851; baseline -0.011 -19"><span class='ocrx_word' id='word_1_14' title='bbox 198 771 231 831; x_wconf 89' lang='lat' dir='ltr'>Si</span> <span class='ocrx_word' id='word_1_15' title='bbox 255 770 398 831; x_wconf 78' lang='lat' dir='ltr'>voluisset</span> <span class='ocrx_word' id='word_1_16' title='bbox 422 765 511 851; x_wconf 83' lang='lat' dir='ltr'>plene</span> <span class='ocrx_word' id='word_1_17' title='bbox 532 764 648 842; x_wconf 81' lang='lat' dir='ltr'>dicere,</span> <span class='ocrx_word' id='word_1_18' title='bbox 672 783 734 823; x_wconf 87' lang='lat' dir='ltr'>non</span> <span class='ocrx_word' id='word_1_19' title='bbox 754 783 827 823; x_wconf 86' lang='lat' dir='ltr'>usus</span> <span class='ocrx_word' id='word_1_20' title='bbox 847 773 926 822; x_wconf 84' lang='lat' dir='ltr'>esset</span> <span class='ocrx_word' id='word_1_21' title='bbox 943 780 1045 823; x_wconf 79' lang='lat' dir='ltr'>versu</span> <span class='ocrx_word' id='word_1_22' title='bbox 1065 767 1179 846; x_wconf 73' lang='lat' dir='ltr'>poetae.</span> 
     </span>
     <span class='ocr_line' id='line_1_5' title="bbox 196 869 882 943; baseline -0.019 -1"><span class='ocrx_word' id='word_1_23' title='bbox 196 878 290 943; x_wconf 83' lang='lat' dir='ltr'>Vneu</span> <span class='ocrx_word' id='word_1_24' title='bbox 308 875 422 937; x_wconf 80' lang='lat' dir='ltr'>inclusi.</span> <span class='ocrx_word' id='word_1_25' title='bbox 443 874 556 933; x_wconf 56' lang='lat' dir='ltr'>linesi.</span> <span class='ocrx_word' id='word_1_26' title='bbox 578 870 735 931; x_wconf 74' lang='lat' dir='ltr'>Schiituus</span> <span class='ocrx_word' id='word_1_27' title='bbox 756 869 882 931; x_wconf 75' lang='lat' dir='ltr'><strong>sustulit.</strong></span> 
     </span>
    </p>

    <p class='ocr_par' dir='ltr' id='par_1_3' title="bbox 158 977 1180 1172">
     <span class='ocr_line' id='line_1_6' title="bbox 158 977 1180 1072; baseline -0.013 -22"><span class='ocrx_word' id='word_1_28' title='bbox 158 1009 176 1070; x_wconf 86' lang='lat'>7</span> <span class='ocrx_word' id='word_1_29' title='bbox 198 989 309 1072; x_wconf 76' lang='lat' dir='ltr'>Aperte</span> <span class='ocrx_word' id='word_1_30' title='bbox 329 984 490 1067; x_wconf 70' lang='lat' dir='ltr'>nspemeti.</span> <span class='ocrx_word' id='word_1_31' title='bbox 510 977 574 1041; x_wconf 76' lang='lat' dir='ltr'>Sed</span> <span class='ocrx_word' id='word_1_32' title='bbox 592 980 664 1060; x_wconf 73' lang='lat' dir='ltr'>boe,</span> <span class='ocrx_word' id='word_1_33' title='bbox 682 985 816 1061; x_wconf 66' lang='grc' dir='ltr'>σχολαῖς</span> <span class='ocrx_word' id='word_1_34' title='bbox 832 987 963 1052; x_wconf 65' lang='grc' dir='ltr'>ἀπάταις</span> <span class='ocrx_word' id='word_1_35' title='bbox 984 982 1050 1061; x_wconf 78' lang='lat' dir='ltr'>uu,</span> <span class='ocrx_word' id='word_1_36' title='bbox 1072 988 1110 1038; x_wconf 78' lang='lat' dir='ltr'>ut</span> <span class='ocrx_word' id='word_1_37' title='bbox 1128 998 1180 1060; x_wconf 89' lang='lat' dir='ltr'>po-</span> 
     </span>
     <span class='ocr_line' id='line_1_7' title="bbox 197 1083 807 1172; baseline -0.021 -15"><span class='ocrx_word' id='word_1_38' title='bbox 197 1106 261 1156; x_wconf 78' lang='lat' dir='ltr'>stes</span> <span class='ocrx_word' id='word_1_39' title='bbox 280 1112 352 1154; x_wconf 84' lang='lat' dir='ltr'>usus</span> <span class='ocrx_word' id='word_1_40' title='bbox 372 1102 418 1152; x_wconf 88' lang='lat' dir='ltr'>est</span> <span class='ocrx_word' id='word_1_41' title='bbox 437 1111 484 1172; x_wconf 89' lang='lat' dir='ltr'>ep.</span> <span class='ocrx_word' id='word_1_42' title='bbox 504 1086 657 1148; x_wconf 83' lang='lat' dir='ltr'>Dcxxv.</span> <span class='ocrx_word' id='word_1_43' title='bbox 681 1083 807 1146; x_wconf 69' lang='lat' dir='ltr'>Comei</span> 
     </span>
    </p>

    <p class='ocr_par' dir='ltr' id='par_1_4' title="bbox 157 1189 1178 1494">
     <span class='ocr_line' id='line_1_8' title="bbox 157 1189 1178 1279; baseline -0.011 -15"><span class='ocrx_word' id='word_1_44' title='bbox 157 1200 178 1264; x_wconf 90' lang='lat'>8</span> <span class='ocrx_word' id='word_1_45' title='bbox 198 1202 305 1278; x_wconf 88' lang='lat' dir='ltr'>Quinti</span> <span class='ocrx_word' id='word_1_46' title='bbox 325 1197 378 1259; x_wconf 81' lang='lat' dir='ltr'>filii</span> <span class='ocrx_word' id='word_1_47' title='bbox 398 1200 555 1279; x_wconf 85' lang='lat' dir='ltr'>repentino</span> <span class='ocrx_word' id='word_1_48' title='bbox 576 1193 707 1255; x_wconf 79' lang='lat' dir='ltr'>adventu</span> <span class='ocrx_word' id='word_1_49' title='bbox 727 1213 800 1252; x_wconf 88' lang='lat' dir='ltr'>cum</span> <span class='ocrx_word' id='word_1_50' title='bbox 818 1189 947 1251; x_wconf 70' lang='lat' dir='ltr'>Caesare</span> <span class='ocrx_word' id='word_1_51' title='bbox 963 1213 1004 1252; x_wconf 84' lang='lat' dir='ltr'>ex</span> <span class='ocrx_word' id='word_1_52' title='bbox 1019 1193 1178 1277; x_wconf 73' lang='lat' dir='ltr'>Hispanis,</span> 
     </span>
     <span class='ocr_line' id='line_1_9' title="bbox 198 1298 1177 1391; baseline -0.007 -24"><span class='ocrx_word' id='word_1_53' title='bbox 198 1328 245 1391; x_wconf 88' lang='lat' dir='ltr'>ep.</span> <span class='ocrx_word' id='word_1_54' title='bbox 261 1327 322 1388; x_wconf 84' lang='lat' dir='ltr'>seq.</span> <span class='ocrx_word' id='word_1_55' title='bbox 338 1326 366 1365; x_wconf 84' lang='lat'>2.</span> <span class='ocrx_word' id='word_1_56' title='bbox 386 1305 516 1386; x_wconf 84' lang='lat' dir='ltr'>Popmo.</span> <span class='ocrx_word' id='word_1_57' title='bbox 537 1302 611 1362; x_wconf 82' lang='lat' dir='ltr'>Mox</span> <span class='ocrx_word' id='word_1_58' title='bbox 621 1300 785 1383; x_wconf 79' lang='lat' dir='ltr'><strong><em>faciliora,</em></strong></span> <span class='ocrx_word' id='word_1_59' title='bbox 804 1302 876 1381; x_wconf 79' lang='lat' dir='ltr'>quia</span> <span class='ocrx_word' id='word_1_60' title='bbox 896 1301 928 1358; x_wconf 88' lang='lat' dir='ltr'>in</span> <span class='ocrx_word' id='word_1_61' title='bbox 948 1298 1047 1360; x_wconf 81' lang='lat' dir='ltr'>turbe</span> <span class='ocrx_word' id='word_1_62' title='bbox 1067 1300 1177 1362; x_wconf 69' lang='lat' dir='ltr'>ficibus</span> 
     </span>
     <span class='ocr_line' id='line_1_10' title="bbox 197 1408 826 1494; baseline -0.016 -18"><span class='ocrx_word' id='word_1_63' title='bbox 197 1413 431 1494; x_wconf 66' lang='lat' dir='ltr'>dissimularem</span> <span class='ocrx_word' id='word_1_64' title='bbox 451 1421 487 1471; x_wconf 91' lang='lat' dir='ltr'>nt</span> <span class='ocrx_word' id='word_1_65' title='bbox 505 1409 646 1494; x_wconf 80' lang='lat' dir='ltr'><strong>explanat</strong></span> <span class='ocrx_word' id='word_1_66' title='bbox 665 1408 826 1468; x_wconf 77' lang='lat' dir='ltr'>Manutius.</span> 
     </span>
    </p>

    <p class='ocr_par' dir='ltr' id='par_1_5' title="bbox 157 1514 1178 1815">
     <span class='ocr_line' id='line_1_11' title="bbox 157 1514 1178 1606; baseline -0.007 -23"><span class='ocrx_word' id='word_1_67' title='bbox 157 1545 180 1606; x_wconf 85' lang='lat'><strong>9</strong></span> <span class='ocrx_word' id='word_1_68' title='bbox 198 1520 298 1606; x_wconf 89' lang='lat' dir='ltr'>Quid,</span> <span class='ocrx_word' id='word_1_69' title='bbox 318 1522 427 1601; x_wconf 88' lang='lat' dir='ltr'>inquit,</span> <span class='ocrx_word' id='word_1_70' title='bbox 447 1518 569 1600; x_wconf 83' lang='lat' dir='ltr'>faciam,</span> <span class='ocrx_word' id='word_1_71' title='bbox 590 1520 614 1577; x_wconf 89' lang='lat' dir='ltr'>si</span> <span class='ocrx_word' id='word_1_72' title='bbox 635 1516 745 1576; x_wconf 79' lang='lat' dir='ltr'>Caesar</span> <span class='ocrx_word' id='word_1_73' title='bbox 765 1514 866 1575; x_wconf 84' lang='lat' dir='ltr'>subito</span> <span class='ocrx_word' id='word_1_74' title='bbox 881 1518 997 1593; x_wconf 80' lang='lat' dir='ltr'>veniet,</span> <span class='ocrx_word' id='word_1_75' title='bbox 1015 1527 1049 1577; x_wconf 90' lang='lat' dir='ltr'>et</span> <span class='ocrx_word' id='word_1_76' title='bbox 1062 1537 1120 1578; x_wconf 87' lang='lat' dir='ltr'>nos</span> <span class='ocrx_word' id='word_1_77' title='bbox 1132 1515 1178 1577; x_wconf 90' lang='lat' dir='ltr'>bic</span> 
     </span>
     <span class='ocr_line' id='line_1_12' title="bbox 198 1624 1178 1711; baseline -0.003 -24"><span class='ocrx_word' id='word_1_78' title='bbox 198 1624 363 1711; x_wconf 77' lang='lat' dir='ltr'>opprimet?</span> <span class='ocrx_word' id='word_1_79' title='bbox 384 1637 453 1705; x_wconf 78' lang='lat' dir='ltr'>eut,</span> <span class='ocrx_word' id='word_1_80' title='bbox 473 1627 498 1686; x_wconf 78' lang='lat' dir='ltr'>si</span> <span class='ocrx_word' id='word_1_81' title='bbox 517 1625 617 1686; x_wconf 85' lang='lat' dir='ltr'>subito</span> <span class='ocrx_word' id='word_1_82' title='bbox 637 1626 779 1686; x_wconf 73' lang='lat' dir='ltr'>bstiunm</span> <span class='ocrx_word' id='word_1_83' title='bbox 797 1625 911 1702; x_wconf 83' lang='lat' dir='ltr'>veniet,</span> <span class='ocrx_word' id='word_1_84' title='bbox 932 1643 1034 1705; x_wconf 75' lang='lat' dir='ltr'>qttum</span> <span class='ocrx_word' id='word_1_85' title='bbox 1055 1645 1097 1686; x_wconf 93' lang='lat' dir='ltr'>eo</span> <span class='ocrx_word' id='word_1_86' title='bbox 1110 1647 1178 1710; x_wconf 82' lang='lat' dir='ltr'>per·</span> 
     </span>
     <span class='ocr_line' id='line_1_13' title="bbox 198 1731 786 1815; baseline -0.002 -22"><span class='ocrx_word' id='word_1_87' title='bbox 198 1732 386 1796; x_wconf 72' lang='lat' dir='ltr'>venerimus?</span> <span class='ocrx_word' id='word_1_88' title='bbox 406 1734 525 1794; x_wconf 81' lang='lat' dir='ltr'>Bosius.</span> <span class='ocrx_word' id='word_1_89' title='bbox 546 1731 591 1793; x_wconf 81' lang='lat' dir='ltr'>Cf.</span> <span class='ocrx_word' id='word_1_90' title='bbox 613 1731 786 1815; x_wconf 87' lang='lat' dir='ltr'>ep.DCL1.</span> 
     </span>
    </p>
   </div>
   <div class='ocr_carea' id='block_1_2' title="bbox 581 1973 747 2036">
    <p class='ocr_par' dir='ltr' id='par_1_6' title="bbox 581 1973 747 2036">
     <span class='ocr_line' id='line_1_14' title="bbox 581 1973 747 2036; baseline -0.006 -1"><span class='ocrx_word' id='word_1_91' title='bbox 581 1973 747 2036; x_wconf 82' lang='lat' dir='ltr'>ncxxlu.</span> 
     </span>
    </p>
   </div>
   <div class='ocr_carea' id='block_1_3' title="bbox 155 2162 1180 3104">
    <p class='ocr_par' dir='ltr' id='par_1_7' title="bbox 162 2162 1180 2570">
     <span class='ocr_line' id='line_1_15' title="bbox 162 2162 1179 2245; baseline 0.004 -22"><span class='ocrx_word' id='word_1_92' title='bbox 162 2185 173 2223; x_wconf 90' lang='lat'>1</span> <span class='ocrx_word' id='word_1_93' title='bbox 198 2163 227 2224; x_wconf 92' lang='lat'>0</span> <span class='ocrx_word' id='word_1_94' title='bbox 248 2162 452 2225; x_wconf 81' lang='lat' dir='ltr'>incredibilem</span> <span class='ocrx_word' id='word_1_95' title='bbox 465 2167 626 2225; x_wconf 81' lang='lat' dir='ltr'>venitatem</span> <span class='ocrx_word' id='word_1_96' title='bbox 641 2164 747 2243; x_wconf 87' lang='lat' dir='ltr'>Quinti</span> <span class='ocrx_word' id='word_1_97' title='bbox 759 2163 931 2245; x_wconf 78' lang='lat' dir='ltr'>utriusque!</span> <span class='ocrx_word' id='word_1_98' title='bbox 947 2164 1088 2242; x_wconf 83' lang='lat' dir='ltr'>Quintus</span> <span class='ocrx_word' id='word_1_99' title='bbox 1102 2165 1179 2229; x_wconf 78' lang='lat' dir='ltr'>iilius</span> 
     </span>
     <span class='ocr_line' id='line_1_16' title="bbox 196 2270 1178 2355; baseline 0.002 -22"><span class='ocrx_word' id='word_1_100' title='bbox 196 2271 327 2333; x_wconf 81' lang='lat' dir='ltr'>seribere</span> <span class='ocrx_word' id='word_1_101' title='bbox 346 2270 387 2332; x_wconf 81' lang='lat' dir='ltr'>ed</span> <span class='ocrx_word' id='word_1_102' title='bbox 405 2283 541 2355; x_wconf 84' lang='lat' dir='ltr'>patrem,</span> <span class='ocrx_word' id='word_1_103' title='bbox 559 2271 616 2332; x_wconf 86' lang='lat' dir='ltr'>sibi</span> <span class='ocrx_word' id='word_1_104' title='bbox 637 2270 801 2347; x_wconf 77' lang='lat' dir='ltr'>carendum</span> <span class='ocrx_word' id='word_1_105' title='bbox 822 2291 886 2332; x_wconf 86' lang='lat' dir='ltr'>esse</span> <span class='ocrx_word' id='word_1_106' title='bbox 907 2270 1003 2333; x_wconf 91' lang='lat' dir='ltr'>domo</span> <span class='ocrx_word' id='word_1_107' title='bbox 1025 2273 1103 2335; x_wconf 87' lang='lat' dir='ltr'>odio</span> <span class='ocrx_word' id='word_1_108' title='bbox 1117 2296 1178 2335; x_wconf 82' lang='lat' dir='ltr'>me·</span> 
     </span>
     <span class='ocr_line' id='line_1_17' title="bbox 197 2379 1180 2465; baseline 0.004 -25"><span class='ocrx_word' id='word_1_109' title='bbox 197 2383 265 2462; x_wconf 76' lang='lat' dir='ltr'>uis,</span> <span class='ocrx_word' id='word_1_110' title='bbox 286 2401 364 2462; x_wconf 82' lang='lat' dir='ltr'>quae</span> <span class='ocrx_word' id='word_1_111' title='bbox 378 2379 527 2463; x_wconf 75' lang='lat' dir='ltr'>impietas!</span> <span class='ocrx_word' id='word_1_112' title='bbox 547 2380 641 2441; x_wconf 83' lang='lat' dir='ltr'>Peter</span> <span class='ocrx_word' id='word_1_113' title='bbox 653 2391 755 2440; x_wconf 83' lang='lat' dir='ltr'>autem</span> <span class='ocrx_word' id='word_1_114' title='bbox 769 2379 964 2462; x_wconf 74' lang='lat' dir='ltr'>languescere</span> <span class='ocrx_word' id='word_1_115' title='bbox 978 2392 1012 2441; x_wconf 88' lang='lat' dir='ltr'>et</span> <span class='ocrx_word' id='word_1_116' title='bbox 1026 2381 1180 2465; x_wconf 57' lang='lat' dir='ltr'>clamaret,</span> 
     </span>
     <span class='ocr_line' id='line_1_18' title="bbox 195 2486 905 2570; baseline 0.004 -23"><span class='ocrx_word' id='word_1_117' title='bbox 195 2486 291 2548; x_wconf 87' lang='lat' dir='ltr'>filium</span> <span class='ocrx_word' id='word_1_118' title='bbox 311 2487 367 2548; x_wconf 89' lang='lat' dir='ltr'>sibi</span> <span class='ocrx_word' id='word_1_119' title='bbox 387 2491 453 2548; x_wconf 87' lang='lat' dir='ltr'>iure</span> <span class='ocrx_word' id='word_1_120' title='bbox 475 2491 593 2548; x_wconf 78' lang='lat' dir='ltr'>iratum.</span> <span class='ocrx_word' id='word_1_121' title='bbox 615 2487 659 2547; x_wconf 77' lang='lat' dir='ltr'>Cf.</span> <span class='ocrx_word' id='word_1_122' title='bbox 682 2509 729 2570; x_wconf 89' lang='lat' dir='ltr'>ep.</span> <span class='ocrx_word' id='word_1_123' title='bbox 750 2486 905 2550; x_wconf 85' lang='lat' dir='ltr'>DCXXV.</span> 
     </span>
    </p>

    <p class='ocr_par' dir='ltr' id='par_1_8' title="bbox 156 2594 1179 2785">
     <span class='ocr_line' id='line_1_19' title="bbox 156 2594 1179 2677; baseline 0.005 -22"><span class='ocrx_word' id='word_1_124' title='bbox 156 2614 174 2654; x_wconf 82' lang='lat'><em>2</em></span> <span class='ocrx_word' id='word_1_125' title='bbox 195 2596 293 2655; x_wconf 86' lang='lat' dir='ltr'>Totus</span> <span class='ocrx_word' id='word_1_126' title='bbox 306 2598 337 2654; x_wconf 92' lang='lat' dir='ltr'>in</span> <span class='ocrx_word' id='word_1_127' title='bbox 351 2595 508 2656; x_wconf 89' lang='lat' dir='ltr'>scribendo</span> <span class='ocrx_word' id='word_1_128' title='bbox 523 2617 597 2656; x_wconf 90' lang='lat' dir='ltr'>sum.</span> <span class='ocrx_word' id='word_1_129' title='bbox 614 2594 772 2656; x_wconf 82' lang='lat' dir='ltr'>Scribebat</span> <span class='ocrx_word' id='word_1_130' title='bbox 786 2604 889 2657; x_wconf 82' lang='lat' dir='ltr'>eutem</span> <span class='ocrx_word' id='word_1_131' title='bbox 902 2601 1102 2677; x_wconf 83' lang='lat' dir='ltr'>quaestiones</span> <span class='ocrx_word' id='word_1_132' title='bbox 1115 2601 1179 2660; x_wconf 89' lang='lat' dir='ltr'>Tu·</span> 
     </span>
     <span class='ocr_line' id='line_1_20' title="bbox 196 2703 691 2785; baseline 0.002 -24"><span class='ocrx_word' id='word_1_133' title='bbox 196 2703 268 2762; x_wconf 88' lang='lat' dir='ltr'>seul.</span> <span class='ocrx_word' id='word_1_134' title='bbox 291 2706 352 2785; x_wconf 86' lang='lat' dir='ltr'>(ep.</span> <span class='ocrx_word' id='word_1_135' title='bbox 375 2724 439 2784; x_wconf 82' lang='lat' dir='ltr'>sup.</span> <span class='ocrx_word' id='word_1_136' title='bbox 462 2705 549 2781; x_wconf 77' lang='lat' dir='ltr'>init).</span> <span class='ocrx_word' id='word_1_137' title='bbox 572 2704 691 2764; x_wconf 70' lang='lat' dir='ltr'>Manui.</span> 
     </span>
    </p>

    <p class='ocr_par' dir='ltr' id='par_1_9' title="bbox 157 2809 996 2891">
     <span class='ocr_line' id='line_1_21' title="bbox 157 2809 996 2891; baseline 0.006 -24"><span class='ocrx_word' id='word_1_138' title='bbox 157 2809 175 2868; x_wconf 87' lang='grc'>3</span> <span class='ocrx_word' id='word_1_139' title='bbox 197 2809 323 2891; x_wconf 88' lang='lat' dir='ltr'>Supple,</span> <span class='ocrx_word' id='word_1_140' title='bbox 346 2831 453 2890; x_wconf 86' lang='lat' dir='ltr'>opera,</span> <span class='ocrx_word' id='word_1_141' title='bbox 474 2810 520 2870; x_wconf 83' lang='lat' dir='ltr'>vel</span> <span class='ocrx_word' id='word_1_142' title='bbox 541 2813 604 2888; x_wconf 83' lang='lat' dir='ltr'>via,-</span> <span class='ocrx_word' id='word_1_143' title='bbox 624 2811 673 2871; x_wconf 81' lang='lat' dir='ltr'>vel</span> <span class='ocrx_word' id='word_1_144' title='bbox 693 2815 849 2872; x_wconf 81' lang='lat' dir='ltr'>occasione</span> <span class='ocrx_word' id='word_1_145' title='bbox 869 2811 996 2872; x_wconf 76' lang='lat' dir='ltr'>ridebis.</span> 
     </span>
    </p>

    <p class='ocr_par' dir='ltr' id='par_1_10' title="bbox 155 2915 1178 3104">
     <span class='ocr_line' id='line_1_22' title="bbox 155 2915 1178 3005; baseline 0.011 -32"><span class='ocrx_word' id='word_1_146' title='bbox 155 2915 239 2992; x_wconf 69' lang='lat' dir='ltr'>‹iNe</span> <span class='ocrx_word' id='word_1_147' title='bbox 259 2919 412 2998; x_wconf 81' lang='lat' dir='ltr'>opprimar</span> <span class='ocrx_word' id='word_1_148' title='bbox 432 2938 450 2974; x_wconf 84' lang='lat' dir='ltr'>n</span> <span class='ocrx_word' id='word_1_149' title='bbox 471 2917 509 2994; x_wconf 90' lang='lat' dir='ltr'>Q.</span> <span class='ocrx_word' id='word_1_150' title='bbox 525 2918 585 2977; x_wconf 90' lang='lat' dir='ltr'>Cic.</span> <span class='ocrx_word' id='word_1_151' title='bbox 606 2917 668 2977; x_wconf 85' lang='lat' dir='ltr'>filio</span> <span class='ocrx_word' id='word_1_152' title='bbox 689 2921 719 2978; x_wconf 93' lang='lat' dir='ltr'>in</span> <span class='ocrx_word' id='word_1_153' title='bbox 741 2918 915 2979; x_wconf 83' lang='lat' dir='ltr'>Tusculano</span> <span class='ocrx_word' id='word_1_154' title='bbox 934 2923 997 3000; x_wconf 88' lang='lat' dir='ltr'>(ep.</span> <span class='ocrx_word' id='word_1_155' title='bbox 1013 2942 1085 3005; x_wconf 90' lang='lat' dir='ltr'>sup.</span> <span class='ocrx_word' id='word_1_156' title='bbox 1100 2936 1178 2986; x_wconf 83' lang='lat' dir='ltr'>extr.</span> 
     </span>
     <span class='ocr_line' id='line_1_23' title="bbox 196 3022 761 3104; baseline 0.009 -23"><span class='ocrx_word' id='word_1_157' title='bbox 196 3033 226 3081; x_wconf 92' lang='lat' dir='ltr'>et</span> <span class='ocrx_word' id='word_1_158' title='bbox 246 3022 333 3103; x_wconf 88' lang='lat' dir='ltr'>seq.)</span> <span class='ocrx_word' id='word_1_159' title='bbox 355 3025 411 3082; x_wconf 82' lang='lat' dir='ltr'>lies</span> <span class='ocrx_word' id='word_1_160' title='bbox 434 3025 506 3104; x_wconf 81' lang='lat' dir='ltr'>ista,</span> <span class='ocrx_word' id='word_1_161' title='bbox 526 3025 611 3084; x_wconf 87' lang='lat' dir='ltr'>Bruti</span> <span class='ocrx_word' id='word_1_162' title='bbox 632 3025 761 3087; x_wconf 80' lang='lat' dir='ltr'>videndi.</span> 
     </span>
    </p>
   </div>
   <div class='ocr_carea' id='block_1_4' title="bbox 154 3127 1177 3323">
    <p class='ocr_par' dir='ltr' id='par_1_11' title="bbox 154 3127 1177 3323">
     <span class='ocr_line' id='line_1_24' title="bbox 154 3127 1176 3215; baseline 0.012 -28"><span class='ocrx_word' id='word_1_163' title='bbox 154 3127 174 3188; x_wconf 85' lang='lat'><em>5</em></span> <span class='ocrx_word' id='word_1_164' title='bbox 194 3129 259 3188; x_wconf 89' lang='lat' dir='ltr'>Non</span> <span class='ocrx_word' id='word_1_165' title='bbox 281 3130 349 3189; x_wconf 87' lang='lat' dir='ltr'>inde</span> <span class='ocrx_word' id='word_1_166' title='bbox 370 3134 466 3213; x_wconf 86' lang='lat' dir='ltr'>venit,</span> <span class='ocrx_word' id='word_1_167' title='bbox 487 3131 539 3191; x_wconf 94' lang='lat' dir='ltr'>ubi</span> <span class='ocrx_word' id='word_1_168' title='bbox 561 3144 630 3193; x_wconf 88' lang='lat' dir='ltr'>sunt</span> <span class='ocrx_word' id='word_1_169' title='bbox 650 3135 706 3192; x_wconf 82' lang='lat' dir='ltr'>viri</span> <span class='ocrx_word' id='word_1_170' title='bbox 726 3133 813 3212; x_wconf 87' lang='lat' dir='ltr'>boni,</span> <span class='ocrx_word' id='word_1_171' title='bbox 833 3137 902 3215; x_wconf 90' lang='lat' dir='ltr'>qui,</span> <span class='ocrx_word' id='word_1_172' title='bbox 916 3135 1002 3214; x_wconf 88' lang='lat' dir='ltr'>quod</span> <span class='ocrx_word' id='word_1_173' title='bbox 1016 3138 1176 3198; x_wconf 85' lang='lat' dir='ltr'>inimicum</span> 
     </span>
     <span class='ocr_line' id='line_1_25' title="bbox 193 3235 1177 3323; baseline 0.011 -28"><span class='ocrx_word' id='word_1_174' title='bbox 193 3235 325 3297; x_wconf 80' lang='lat' dir='ltr'>habeant</span> <span class='ocrx_word' id='word_1_175' title='bbox 345 3238 518 3319; x_wconf 73' lang='lat' dir='ltr'>Caesarem,</span> <span class='ocrx_word' id='word_1_176' title='bbox 538 3243 635 3322; x_wconf 80' lang='lat' dir='ltr'>petrin</span> <span class='ocrx_word' id='word_1_177' title='bbox 656 3241 810 3320; x_wconf 73' lang='lat' dir='ltr'>exsulant,</span> <span class='ocrx_word' id='word_1_178' title='bbox 831 3242 884 3302; x_wconf 88' lang='lat' dir='ltr'>sed</span> <span class='ocrx_word' id='word_1_179' title='bbox 898 3245 979 3302; x_wconf 85' lang='lat' dir='ltr'>venit</span> <span class='ocrx_word' id='word_1_180' title='bbox 992 3264 1012 3300; x_wconf 84' lang='lat' dir='ltr'><strong>a</strong></span> <span class='ocrx_word' id='word_1_181' title='bbox 1027 3244 1177 3323; x_wconf 83' lang='lat' dir='ltr'>Caesare,</span> 
     </span>
    </p>
   </div>
   <div class='ocr_carea' id='block_1_5' title="bbox 104 3345 1179 4074">
    <p class='ocr_par' dir='ltr' id='par_1_12' title="bbox 191 3345 1179 3639">
     <span class='ocr_line' id='line_1_26' title="bbox 192 3345 1176 3431; baseline 0.009 -27"><span class='ocrx_word' id='word_1_182' title='bbox 192 3348 240 3405; x_wconf 85' lang='lat' dir='ltr'>cui</span> <span class='ocrx_word' id='word_1_183' title='bbox 261 3345 504 3406; x_wconf 79' lang='lat' dir='ltr'>familiarissimus</span> <span class='ocrx_word' id='word_1_184' title='bbox 524 3359 568 3408; x_wconf 89' lang='lat' dir='ltr'>est</span> <span class='ocrx_word' id='word_1_185' title='bbox 589 3349 692 3408; x_wconf 84' lang='lat' dir='ltr'>factus.</span> <span class='ocrx_word' id='word_1_186' title='bbox 713 3348 776 3408; x_wconf 91' lang='lat' dir='ltr'>Diu</span> <span class='ocrx_word' id='word_1_187' title='bbox 790 3370 850 3408; x_wconf 90' lang='lat' dir='ltr'>non</span> <span class='ocrx_word' id='word_1_188' title='bbox 865 3349 940 3408; x_wconf 76' lang='lat' dir='ltr'>afuit</span> <span class='ocrx_word' id='word_1_189' title='bbox 954 3370 971 3407; x_wconf 83' lang='lat' dir='ltr'>o</span> <span class='ocrx_word' id='word_1_190' title='bbox 985 3355 1089 3431; x_wconf 81' lang='lat' dir='ltr'>patrie</span> <span class='ocrx_word' id='word_1_191' title='bbox 1105 3375 1176 3413; x_wconf 87' lang='lat' dir='ltr'>cum</span> 
     </span>
     <span class='ocr_line' id='line_1_27' title="bbox 191 3451 1179 3539; baseline 0.01 -29"><span class='ocrx_word' id='word_1_192' title='bbox 191 3451 278 3512; x_wconf 88' lang='lat' dir='ltr'>bonis</span> <span class='ocrx_word' id='word_1_193' title='bbox 299 3456 382 3533; x_wconf 84' lang='lat' dir='ltr'>viris,</span> <span class='ocrx_word' id='word_1_194' title='bbox 402 3454 456 3513; x_wconf 89' lang='lat' dir='ltr'>sed</span> <span class='ocrx_word' id='word_1_195' title='bbox 476 3457 534 3514; x_wconf 86' lang='lat' dir='ltr'>cito</span> <span class='ocrx_word' id='word_1_196' title='bbox 556 3459 586 3515; x_wconf 89' lang='lat' dir='ltr'>iu</span> <span class='ocrx_word' id='word_1_197' title='bbox 608 3478 674 3516; x_wconf 87' lang='lat' dir='ltr'>eam</span> <span class='ocrx_word' id='word_1_198' title='bbox 700 3478 732 3517; x_wconf 85' lang='lat' dir='ltr'>se</span> <span class='ocrx_word' id='word_1_199' title='bbox 758 3459 886 3539; x_wconf 85' lang='lat' dir='ltr'>recepit,</span> <span class='ocrx_word' id='word_1_200' title='bbox 912 3468 947 3516; x_wconf 88' lang='lat' dir='ltr'>ut</span> <span class='ocrx_word' id='word_1_201' title='bbox 973 3460 1002 3515; x_wconf 88' lang='lat' dir='ltr'>in</span> <span class='ocrx_word' id='word_1_202' title='bbox 1034 3459 1179 3522; x_wconf 80' lang='lat' dir='ltr'>Caesaris</span> 
     </span>
     <span class='ocr_line' id='line_1_28' title="bbox 194 3561 600 3639; baseline 0.01 -21"><span class='ocrx_word' id='word_1_203' title='bbox 194 3565 320 3639; x_wconf 74' lang='lat' dir='ltr'>gratiam</span> <span class='ocrx_word' id='word_1_204' title='bbox 340 3561 459 3621; x_wconf 81' lang='lat' dir='ltr'>rediret.</span> <span class='ocrx_word' id='word_1_205' title='bbox 481 3564 600 3622; x_wconf 83' lang='lat' dir='ltr'>Bosius.</span> 
     </span>
    </p>

    <p class='ocr_par' dir='ltr' id='par_1_13' title="bbox 151 3664 616 3751">
     <span class='ocr_line' id='line_1_29' title="bbox 151 3664 616 3751; baseline 0.009 -27"><span class='ocrx_word' id='word_1_206' title='bbox 151 3664 173 3725; x_wconf 89' lang='lat'><strong>6</strong></span> <span class='ocrx_word' id='word_1_207' title='bbox 195 3667 332 3728; x_wconf 79' lang='lat' dir='ltr'>Fortasse</span> <span class='ocrx_word' id='word_1_208' title='bbox 354 3690 400 3751; x_wconf 88' lang='lat' dir='ltr'>ep.</span> <span class='ocrx_word' id='word_1_209' title='bbox 422 3670 566 3748; x_wconf 89' lang='lat' dir='ltr'>DXClll,</span> <span class='ocrx_word' id='word_1_210' title='bbox 587 3670 616 3728; x_wconf 88' lang='grc'>3.</span> 
     </span>
    </p>

    <p class='ocr_par' dir='ltr' id='par_1_14' title="bbox 155 3774 1179 3968">
     <span class='ocr_line' id='line_1_30' title="bbox 155 3774 1176 3861; baseline 0.014 -31"><span class='ocrx_word' id='word_1_211' title='bbox 155 3795 171 3852; x_wconf 87' lang='lat'><em>7</em></span> <span class='ocrx_word' id='word_1_212' title='bbox 196 3774 243 3834; x_wconf 87' lang='lat' dir='ltr'>De</span> <span class='ocrx_word' id='word_1_213' title='bbox 264 3776 318 3848; x_wconf 77' lang='lat' dir='ltr'>iis,</span> <span class='ocrx_word' id='word_1_214' title='bbox 340 3799 420 3858; x_wconf 79' lang='lat' dir='ltr'>quae</span> <span class='ocrx_word' id='word_1_215' title='bbox 440 3775 608 3838; x_wconf 59' lang='lat' dir='ltr'>redimam</span> <span class='ocrx_word' id='word_1_216' title='bbox 627 3779 659 3838; x_wconf 79' lang='lat' dir='ltr'>in</span> <span class='ocrx_word' id='word_1_217' title='bbox 679 3778 818 3839; x_wconf 67' lang='lat' dir='ltr'>Phaedro</span> <span class='ocrx_word' id='word_1_218' title='bbox 839 3778 992 3861; x_wconf 77' lang='lat' dir='ltr'>Platonis,</span> <span class='ocrx_word' id='word_1_219' title='bbox 1013 3780 1099 3841; x_wconf 84' lang='lat' dir='ltr'>etde</span> <span class='ocrx_word' id='word_1_220' title='bbox 1114 3785 1176 3844; x_wconf 80' lang='lat' dir='ltr'>vita</span> 
     </span>
     <span class='ocr_line' id='line_1_31' title="bbox 197 3880 1179 3968; baseline 0.013 -29"><span class='ocrx_word' id='word_1_221' title='bbox 197 3880 351 3944; x_wconf 66' lang='lat' dir='ltr'>Graectne.</span> <span class='ocrx_word' id='word_1_222' title='bbox 372 3884 521 3946; x_wconf 85' lang='lat' dir='ltr'>Videntur</span> <span class='ocrx_word' id='word_1_223' title='bbox 533 3885 579 3944; x_wconf 90' lang='lat' dir='ltr'>bis</span> <span class='ocrx_word' id='word_1_224' title='bbox 592 3886 690 3946; x_wconf 76' lang='lat' dir='ltr'>verbis</span> <span class='ocrx_word' id='word_1_225' title='bbox 704 3883 860 3968; x_wconf 75' lang='lat' dir='ltr'>significari</span> <span class='ocrx_word' id='word_1_226' title='bbox 874 3884 936 3944; x_wconf 92' lang='lat' dir='ltr'>duo</span> <span class='ocrx_word' id='word_1_227' title='bbox 951 3885 1019 3945; x_wconf 87' lang='lat' dir='ltr'>libri</span> <span class='ocrx_word' id='word_1_228' title='bbox 1031 3889 1179 3951; x_wconf 80' lang='lat' dir='ltr'>Dicaear-</span> 
     </span>
    </p>

    <p class='ocr_par' dir='ltr' id='par_1_15' title="bbox 104 3986 1174 4074">
     <span class='ocr_line' id='line_1_32' title="bbox 104 3986 1174 4074; baseline 0.013 -28"><span class='ocrx_word' id='word_1_229' title='bbox 104 3998 107 4005; x_wconf 87' lang='lat'>&#39;</span> <span class='ocrx_word' id='word_1_230' title='bbox 196 3986 252 4048; x_wconf 78' lang='lat' dir='ltr'>chi.</span> <span class='ocrx_word' id='word_1_231' title='bbox 276 3990 384 4052; x_wconf 74' lang='lat' dir='ltr'>Sindos</span> <span class='ocrx_word' id='word_1_232' title='bbox 410 4005 559 4055; x_wconf 81' lang='lat' dir='ltr'>memoret</span> <span class='ocrx_word' id='word_1_233' title='bbox 577 3992 752 4055; x_wconf 78' lang='lat' dir='ltr'>Dicaearchi</span> <span class='ocrx_word' id='word_1_234' title='bbox 768 3997 894 4063; x_wconf 75' lang='grc' dir='ltr'>Ἐλλαδος</span> <span class='ocrx_word' id='word_1_235' title='bbox 913 4002 974 4073; x_wconf 64' lang='grc' dir='ltr'>βῶν</span> <span class='ocrx_word' id='word_1_236' title='bbox 993 3993 1174 4074; x_wconf 62' lang='lat' dir='ltr'>(Graecum</span> 
     </span>
    </p>
   </div>
   <div class='ocr_carea' id='block_1_6' title="bbox 0 0 1328 4822">
    <p class='ocr_par' dir='ltr' id='par_1_16' title="bbox 0 0 1328 4822">
     <span class='ocr_line' id='line_1_33' title="bbox 0 0 1328 4822; baseline 0 0"><span class='ocrx_word' id='word_1_237' title='bbox 0 0 1328 4822; x_wconf 95' lang='lat' dir='ltr'> </span> 
     </span>
    </p>
   </div>
  </div>
 </body>
</html>
