2648 4822
238 438 311 513 522
602 455 875 508 annonarium

276 566 308 624 in
327 582 391 644 quo
410 561 452 622 M.
473 559 585 622 Brutus
605 578 624 618 a
643 559 678 620 L.
698 559 810 639 Erum,
827 559 881 640 qui
902 557 1112 639 Tarquinium
1133 555 1261 642 expulit,

276 681 337 732 eta
351 666 478 731 Servilio
490 665 601 746 Abala,
620 668 675 749 qni
694 665 839 750 Spatium
851 662 996 726 Maelium
1010 663 1144 748 occidit,
1167 663 1263 727 dedu·

276 774 404 838 oebatur
428 776 513 858 quasi
533 796 554 835 a
573 773 694 836 dnobus
719 772 917 851 tymnicidis.
944 771 974 833 1.
993 771 1047 832 Fr.
1074 771 1260 835 Gmnoviru.

277 877 1262 963 sedunsumsrtltmfierseniliiahatae,aquomm

276 996 379 1078 primo
396 1001 573 1075 paternum,
599 1012 618 1051 a
644 988 778 1051 secundo
803 999 974 1050 mammam
1000 1009 1100 1071 gemm
1119 986 1262 1071 :ducebat

277 1101 327 1163 bic
346 1111 450 1161 noster
468 1101 596 1177 brutus,
616 1097 775 1180 intelligas,
795 1098 857 1157 sive
877 1116 984 1156 eorum
1005 1097 1157 1179 imagines
1177 1099 1262 1157 inta-

277 1210 367 1287 bula‚
387 1213 453 1270 sive
468 1211 560 1270 etiam
579 1206 670 1267 buius
690 1207 783 1266 nostri
804 1205 846 1265 Μ.
860 1205 945 1264 Bruti
959 1203 1193 1288 genealogiam,
1213 1204 1261 1265 bic

280 1318 386 1379 Cicero
407 1313 568 1398 significat,
592 1314 633 1375 ad
655 1315 852 1375 irritationem
871 1310 1017 1394 praeclari
1038 1311 1185 1373 facinoris
1205 1311 1260 1374 de·

277 1425 351 1487 bere
371 1425 501 1487 Brutum
522 1422 661 1506 accendi,
682 1422 900 1502 Caesaremque
920 1416 1099 1481 interficere.
1120 1419 1175 1481 Sic
1190 1440 1258 1481 cum

277 1535 415 1595 Manutio
435 1531 626 1615 Mongaltius.

236 1641 260 1720 4
279 1642 373 1719 Quasi
394 1638 487 1721 dicat,
507 1638 588 1699 nihil.
609 1638 714 1719 Neque
735 1639 814 1699 enim
834 1639 934 1719 possit
951 1635 1072 1695 Bosiuo.
1087 1636 1259 1698 Lambinus

278 1746 334 1810 red
356 1746 435 1831 quid
448 1747 588 1829 sorsum
611 1746 747 1831 Faiirnus
774 1743 894 1806 volebat
919 1741 975 1804 sed
990 1743 1133 1826 faciam
1156 1745 1195 1827 {ct
1220 1743 1261 1805 ad

277 1856 406 1916 Brutum
426 1854 616 1937 Abalamque
635 1852 781 1914 referunt.

237 1962 259 2027 5
279 1963 356 2025 illud
370 1965 482 2047 optime
496 1963 648 2046 scripsisti,
662 1963 703 2021 mi
717 1962 829 2045 Attica,
845 1957 931 2044 quod
944 1978 983 2020 ue
996 1961 1021 2019 is
1040 1957 1187 2044 quidem,
1206 1964 1260 2046 qui

278 2075 416 2134 omnium
435 2069 619 2151 flagitorum
638 2080 745 2130 auctor
765 2079 831 2149 est,
845 2067 924 2128 bene
945 2064 984 2128 de
1003 2071 1182 2150 propinquo
1203 2089 1260 2130 no-

280 2191 360 2259 stro,
379 2181 522 2240 nimbum
543 2178 584 2240 de
603 2179 720 2255 Quinto
734 2177 879 2238 Cicerone
890 2173 971 2259 filio,
989 2177 1087 2236 sentit
1107 2175 1260 2238 Omnium

279 2285 463 2370 flagitiorum
492 2297 648 2348 uictorem
675 2285 805 2346 Hirtium
831 2288 954 2370 potins,
974 2303 1067 2365 mam
1095 2283 1260 2347 Caesarem

280 2396 413 2477 intelligo
441 2416 511 2457 cum
542 2396 688 2456 birontio.
720 2396 795 2454 Nam
823 2395 848 2453 is
879 2391 925 2453 ad.
947 2391 1109 2452 Caesarem
1140 2393 1269 2471 Quinto¹

280 2502 343 2564 filio
357 2503 471 2564 aditum
487 2505 604 2584 aperuit
623 2501 693 2585 (ep.
716 2501 888 2580 CDXXV),
908 2512 943 2562 ut
963 2522 1179 2584 quiaecumque
1203 2501 1261 2564 ssa·

281 2613 352 2693 gitis
377 2612 508 2689 Quintus
534 2612 708 2689 committit,
736 2609 870 2669 Caesaris
898 2612 992 2688 gratia
1018 2610 1130 2694 fretus,
1160 2612 1262 2673 Hirtio

281 2717 409 2778 adscribi
429 2721 495 2777 iure
514 2720 635 2799 possint
660 2715 766 2777 Lamb.
795 2716 883 2776 Iliad
905 2718 1031 2799 optime,
1056 2717 1145 2800 quod
1169 2742 1208 2781 ne
1234 2721 1262 2780 is

280 2824 403 2907 quidem
424 2835 480 2884 etc.

240 2931 262 2994 6
282 2933 430 3009 Quintum
452 2932 627 2990 Ciceronem
648 2928 753 2991 filium.

240 3061 260 3122 7
281 3039 390 3099 Addidi
413 3039 503 3098 literis
525 3060 562 3099 ex
582 3037 685 3098 Ambr.
706 3037 754 3119 16,
769 3038 816 3100 ed
830 3060 875 3122 pr.
889 3041 1063 3121 ceterisque.
1083 3040 1161 3102 Mox
1176 3043 1262 3103 Gro-

281 3149 387 3209 novius
400 3146 540 3207 emendat
556 3168 636 3229 quas
655 3147 700 3209 ad
718 3169 781 3222 nse,
802 3168 912 3231 nempe
926 3146 1008 3208 dedit
1021 3147 1155 3226 Quintus
1169 3147 1261 3211 filius.

280 3253 336 3316 Ad
354 3276 454 3328 niens,
476 3254 581 3338 supple
602 3275 672 3316 cum
694 3255 847 3335 Corrado,
867 3257 1023 3337 rescripsit.

241 3361 262 3426 8
282 3362 387 3424 Scribe
399 3361 599 3446 degrotasses,
614 3363 723 3425 scilicet
736 3375 786 3445 tu,
799 3375 921 3446 patrue,
935 3364 1036 3424 Marce
1051 3361 1177 3442 Cicero,
1196 3363 1262 3426 vel·

282 3472 341 3533 lem
363 3483 510 3552 gustasses
528 3471 641 3553 aliquid
662 3471 700 3533 de
721 3475 865 3533 suavitate
880 3491 1067 3549 sermonum,
1087 3491 1166 3551 quos
1189 3494 1262 3533 cum

279 3579 376 3640 Eruto
390 3578 484 3638 habui
498 3578 571 3638 dum
585 3599 645 3638 una
660 3581 691 3638 in
706 3578 848 3662 Hispania
862 3599 973 3638 snmus.
989 3578 1119 3638 Gronov.
1136 3578 1263 3640 Grono-

280 3689 346 3747 rius
358 3697 460 3769 putat,
473 3685 548 3747 baec
565 3689 654 3747 etiam
669 3686 762 3747 verba
776 3708 838 3748 esse
852 3689 948 3747 Attici.
964 3685 1140 3745 Communis
1155 3697 1264 3748 tamen

281 3797 382 3875 opinio
403 3795 540 3855 Ciceroni
561 3793 666 3854 melius
686 3793 805 3874 tribuit,
826 3806 857 3855 ct
876 3793 1028 3876 explanat:
1050 3791 1160 3852 veliem
1184 3795 1265 3856 Bru·

280 3911 329 3962 tus
341 3902 527 3983 degustasset
540 3901 653 3984 aliquid
671 3901 709 3963 de
723 3901 913 3982 criminibus,
929 3921 1008 3981 quae
1022 3899 1095 3960 salso
1110 3899 1187 3961 mihi
1202 3905 1263 3963 im·

280 4012 375 4093 pingit
395 4013 526 4091 Quintus
546 4011 652 4072 Cicero
672 4009 765 4072 fliius:
787 4021 852 4070 tum
873 4020 955 4069 certe
976 4028 1046 4069 eum
1066 4007 1183 4068 Brutus
1198 4031 1263 4072 non
