2648 4822
475 462 511 508 m
539 460 728 509 nrrsroms
1034 437 1105 511 555

141 572 293 622 exstruere
317 558 439 621 volebat
461 561 604 643 (Sveton.
631 561 685 622 lul.
707 583 731 622 c.
757 560 835 643 44),
863 562 1106 625 consecrandum.

25 658 27 665 ¹
134 668 252 749 Opinor
264 670 359 750 enim,
374 689 503 748 augures
517 667 558 727 nil
570 666 702 751 habere,
718 667 801 749 quod
816 679 976 750 opponant.
991 669 1108 729 Schiitz.

132 776 237 856 ltaque
253 774 330 836 bene
345 775 530 857 distinguunt
543 775 696 836 Manutius
716 786 746 836 et
759 774 934 836 Lambinus:
960 773 1036 836 Orat
1048 776 1108 837 Le·

130 881 237 964 pidem,
257 897 289 942 ut
308 885 423 943 veniam
447 884 575 964 (opinor
598 903 726 964 megum
749 884 796 943 nil
815 881 944 960 hahere)
966 881 1012 944 cul
1034 896 1108 944 tem·

128 991 214 1069 plum
227 989 389 1070 essondrm.
410 991 470 1050 Nisi
484 989 568 1050 malis
582 989 740 1073 explicare:
757 993 879 1073 opinor,
892 1011 1021 1072 augures
1035 989 1107 1050 nihil

132 1097 326 1177 collegarum,
340 1117 392 1157 seu
407 1097 523 1156 nullum
538 1100 658 1157 tertium
680 1097 825 1177 collegam
839 1096 965 1176 habere,
978 1096 1018 1156 ud
1032 1109 1106 1158 lem·

131 1205 215 1286 plum
236 1204 388 1264 effandum
417 1203 532 1286 (tribus
547 1206 625 1264 enim
639 1205 804 1287 auguribus
819 1226 894 1288 opus
907 1203 1000 1287 erat),
1021 1198 1107 1286 prae·

135 1322 258 1371 terme.

98 1439 132 1477 ra
154 1418 254 1500 Vulgo
282 1421 310 1477 in
338 1417 424 1478 codd.
453 1431 593 1501 corrupte
613 1431 679 1502 μιᾶς
698 1424 812 1504 ulpino,
829 1418 876 1481 vel
902 1433 967 1501 μιᾶς
981 1423 1103 1503 caepim.

134 1526 244 1585 Veram
265 1525 421 1586 lectionem
436 1538 586 1586 assecutus
601 1548 664 1586 esse
679 1526 798 1586 videtur
813 1516 982 1586 Gronorius
999 1535 1104 1607 μίασμα

134 1637 230 1714 δρυὸς,
248 1632 331 1713 quod
351 1646 415 1694 erat
429 1632 641 1716 proverbium,
658 1637 778 1716 proprie
791 1634 829 1694 de
843 1633 960 1716 piaculo
975 1637 1005 1693 in
1018 1653 1106 1714 quer·

134 1761 202 1799 cum
223 1740 435 1824 Dodonaeam,
457 1762 510 1802 seu
531 1742 675 1824 templum
697 1743 775 1800 lovis
795 1741 953 1802 Dodonaei
975 1761 1105 1822 usurpa·

134 1857 214 1927 tum,
235 1847 343 1908 deinde
364 1847 403 1908 ad
424 1848 505 1909 aliud
526 1851 678 1932 piaculum
701 1853 799 1932 specie
813 1849 962 1929 religionis
975 1847 1103 1907 transla-

136 1966 218 2036 tum3
240 1965 274 2015 ut
294 1954 438 2038 significet
463 1957 607 2040 templum
627 1957 700 2017 illud
714 1979 731 2016 a
746 1958 873 2017 Caesare
892 1965 960 2039 post
980 1975 1104 2037 oppres-

134 2082 196 2121 sam
217 2085 281 2123 rem
301 2063 383 2145 publ.
405 2065 619 2126 exstruendum
646 2068 736 2124 instar
758 2064 864 2146 piaculi
893 2085 963 2123 esse.
984 2063 1102 2121 Sclriitz.

135 2168 237 2228 Probo
251 2181 349 2231 tamen
363 2193 432 2231 cum
445 2172 582 2232 Ernestio
599 2170 690 2231 Odini
711 2173 911 2231 coniecturam
933 2167 1015 2251 apud
1036 2168 1102 2227 Oli-

135 2288 237 2335 vetum
257 2291 321 2359 μιᾶς
339 2283 419 2358 ὀδοῦ,
437 2278 496 2338 scil,
517 2300 578 2340 una
599 2279 647 2338 via
667 2293 693 2339 te
714 2277 885 2340 videbinms.
910 2275 1030 2337 namn:
1057 2273 1103 2336 ad

137 2383 276 2463 templum
295 2384 449 2466 fiendum
468 2386 592 2447 Saturni
609 2391 752 2450 ἀσπόνδου.
