2648 4822
175 388 221 481 44
488 405 659 454 mimoni
685 406 804 454 oxxvi.
949 407 980 454 Α.
998 410 1079 457 vso
1097 407 1142 472 „a

173 509 245 583 lute
277 511 457 583 sententia.
495 510 549 580 De
586 508 662 580 aliis
695 523 812 580 autem
844 533 918 582 non
937 510 1105 585 arbitror
1136 528 1168 586 te

174 652 373 739 exspectare
400 635 484 739 quid
510 637 668 708 sentiam.
693 635 878 736 Reliquum
901 650 969 742 est,
984 651 1027 708 ut
1053 652 1089 710 te
1113 662 1170 710 an·

177 779 253 869 gat,
268 762 364 865 quod
381 760 473 835 absis
500 789 518 834 a
544 765 613 834 tuis
640 761 784 833 tamdiu.
809 763 877 833 Res
895 763 1059 862 molesta,
1075 790 1169 862 prae·

173 893 291 964 sertim
317 890 428 963 abiis
458 889 575 989 pueris
593 891 635 989 ¹⁵,
668 888 795 989 quibus
827 887 914 959 nihil
945 903 1065 991 potest
1098 914 1168 963 esse

173 1016 336 1089 festivius.
362 1015 449 1114 Sed,
480 1029 520 1088 ut
545 1013 591 1086 ad
616 1029 651 1087 te
680 1016 803 1114 scripsi
835 1027 938 1086 antea
958 1016 998 1113 ¹⁶,
1031 994 1167 1117 tempus

173 1155 227 1213 est
251 1141 468 1239 huiusmodi,
485 1156 525 1213 ut
546 1167 645 1214 suam
670 1141 816 1241 quisque
842 1139 1084 1214 conditionem
1108 1141 1167 1213 mi·

171 1271 348 1343 serrimam
374 1283 492 1368 putet,
517 1283 570 1366 et,
592 1268 655 1339 ubi
680 1269 825 1369 quisque
851 1269 911 1363 sit,
929 1268 978 1341 ibi
1002 1293 1080 1340 esse
1105 1269 1166 1343 mi,-

170 1397 263 1468 nime
290 1396 382 1468 velit
416 1395 609 1497 Equidem,
643 1419 708 1466 nos
741 1393 838 1494 quod
870 1396 1001 1466 Romae
1027 1420 1165 1490 snmus,

170 1523 401 1627 miserrimum
425 1548 500 1595 esse
517 1521 633 1620 duco,
651 1544 725 1593 non
745 1519 858 1593 solum
884 1520 980 1621 quod
1004 1523 1042 1593 in
1066 1520 1165 1593 malie

169 1648 331 1731 omnibus
357 1647 514 1720 acerbius
540 1662 594 1719 est
619 1646 756 1746 videre,
780 1673 884 1749 quam
911 1646 1031 1737 audire
1048 1664 1089 1745 ¹7,
1106 1645 1165 1719 sed

167 1775 290 1872 etiam,
314 1774 411 1875 quod
442 1773 489 1846 ad
520 1799 642 1846 omnes
676 1800 776 1845 casus
808 1772 1002 1845 subitorum
1027 1773 1163 1879 pericu·¹

166 1898 278 1972 lomm
305 1900 413 1998 magis
439 1900 568 1973 obiecti
592 1927 729 1998 sumus,
764 1925 868 1999 quam
901 1900 930 1972 si
955 1898 1161 1978 abessemus.

166 2027 241 2098 Etsi
268 2053 324 2098 me
349 2028 481 2126 ipsum,
507 2026 764 2099 consolatorem
790 2039 910 2123 tuum,
927 2051 1000 2098 non
1027 2039 1162 2099 tantam

165 2151 285 2224 literae
305 2155 345 2252 ¹⁸,
370 2152 495 2252 quibus
521 2178 660 2251 semper
684 2152 816 2249 studui,
837 2167 1007 2252 quantum
1030 2151 1162 2250 longin-

165 2281 279 2380 quitas
297 2280 464 2377 temporis
481 2279 665 2377 mitigavit.
684 2280 827 2370 Quanto
844 2278 966 2350 fuerim
985 2277 1111 2352 dolona
1122 2294 1160 2375 ¹⁹,

163 2405 359 2478 meministi.
392 2408 434 2478 In
467 2431 536 2506 quo
563 2406 674 2505 prima
700 2403 759 2476 illa
793 2404 987 2477 consolatio
1013 2419 1085 2502 est,
1109 2404 1158 2478 vi·

162 2530 253 2604 disse
277 2558 334 2604 me
359 2530 438 2630 plus
453 2549 494 2629 ²⁰,
514 2558 619 2632 quam
645 2545 799 2630 ceteros,
824 2556 932 2630 quum
957 2530 1156 2631 cupiebam,

161 2658 319 2756 quamvis
342 2659 463 2757 iniqua
489 2657 710 2758 conditione,
735 2685 869 2758 pacem.
895 2656 1004 2751 Quod
1023 2657 1089 2732 etsi
1106 2634 1158 2731 cit·

160 2807 218 2878 au,
242 2807 315 2852 non
341 2781 557 2856 divinatione
583 2810 658 2856 mea
684 2785 815 2858 factum
841 2798 915 2882 est,
947 2798 1069 2862 tamen
1093 2784 1155 2857 hac

158 2908 253 2978 inani
271 2923 301 2957 ²¹
329 2908 536 3007 prudentiae
562 2909 664 2982 laude
691 2910 853 2985 delector.
878 2909 1033 3009 Deinde,
1063 2907 1155 3012 quod

159 3032 245 3104 mihi
271 3034 316 3106 ad
352 3036 630 3109 consolationem
664 3063 849 3111 commune
880 3051 998 3109 tecum
1020 3052 1097 3136 est,
1125 3039 1154 3110 si

158 3158 227 3229 iam
254 3185 360 3234 vocer
385 3162 431 3233 ad
456 3164 585 3235 exitum
611 3164 722 3262 vitae,
746 3189 818 3237 non
840 3163 941 3236 abea
960 3163 1152 3264 republica

158 3273 302 3386 avellar,
335 3314 402 3389 qua
436 3288 624 3363 carendum
658 3317 732 3363 esse
765 3290 919 3390 doleam,
949 3291 1152 3390 praesertim

157 3439 263 3512 quum
289 3414 327 3485 id
351 3417 425 3488 sine
450 3415 521 3489 ullo
548 3443 650 3490 sensu
670 3434 701 3465 ²²
727 3418 881 3490 futurum
913 3417 966 3490 sit.
999 3416 1151 3492 Adiuvat

156 3540 260 3611 etiam
278 3541 309 3588 ²³
335 3555 447 3639 aetas,
469 3558 504 3616 et
528 3559 605 3616 aeta
622 3546 693 3616 iam
711 3546 800 3641 vita,
817 3569 905 3644 quae
923 3569 1032 3644 quum
1050 3569 1149 3618 cursu

153 3689 218 3736 auo
250 3664 340 3737 bene
373 3668 533 3741 confecto
567 3669 778 3766 delectatur,
811 3684 885 3742 tum
916 3683 1014 3743 vetat
1046 3673 1084 3743 in
1108 3693 1148 3743 eo

150 3791 223 3862 vim
250 3792 384 3891 timere,
410 3821 480 3895 quo
506 3821 571 3868 nos
596 3799 666 3868 iam
691 3811 814 3870 natura
840 3770 916 3896 ipsa
941 3821 1056 3896 paene
1074 3821 1147 3896 per·

150 3915 294 3991 duxerit.
319 3921 518 4020 Postremo,
543 3923 572 3995 is
597 3924 652 3997 vir
667 3923 713 4021 ²4,
738 3923 794 3998 vel
820 3926 926 3997 etiam
942 3924 968 3995 ii
986 3924 1052 3997 vin'
1079 3921 1145 3996 hoc
