2648 4822
178 413 224 485 32
531 430 694 480 aersrona
722 434 845 480 uxxnr.
952 436 983 480 u.
1003 439 1034 484 v.
1052 439 1081 484 c.
1101 438 1149 500 ‚os

239 658 291 712 Ser.
311 659 436 711 Brundisii
456 661 485 710 1.
503 659 535 711 V.
553 661 583 712 C.
602 658 753 726 nccvm,
772 676 858 711 mense
879 659 978 712 lunser.
996 672 1117 718 excunte.

260 901 264 911 .
313 852 347 915 C.
372 850 529 916 CASSIVS
554 853 597 914 ll.
622 852 657 913 T.
681 851 868 914 CICERONI
894 853 923 912 S.
948 852 981 914 P.
1006 852 1044 917 D.

223 1041 257 1112 S.
282 1042 326 1114 V.
350 1043 390 1114 B.
414 1041 497 1114 Non
521 1039 717 1113 mehercule
750 1041 787 1110 in
820 1039 885 1112 hac
916 1067 994 1113 mea
1019 1047 1196 1144 per·egri·'

173 1170 315 1241 natione
341 1170 527 1270 quicquam
552 1166 715 1239 libentius
741 1167 972 1267 iaci0,qua1n
991 1170 1171 1245 scriboad

173 1308 216 1367 te.
242 1294 376 1367 Videor
408 1296 501 1366 enim
535 1319 614 1365 curn
652 1307 834 1392 praesente
867 1292 961 1394 loqui
992 1310 1030 1366 et
1055 1297 1169 1370 iocari.
1202 1342 1204 1351 ,

170 1421 244 1495 Nec
270 1435 388 1494 tamen
413 1421 480 1492 hoc
506 1447 569 1491 usu
596 1421 693 1491 venit
717 1432 864 1518 propter
888 1434 1027 1518 spectra
1053 1424 1167 1496 Catia·

170 1572 236 1619 na:
273 1574 339 1646 pro
377 1573 447 1647 quo
481 1545 543 1617 tihi
577 1547 735 1644 proxima
765 1543 911 1645 epistola
938 1559 995 1618 tot
1020 1550 1167 1622 rusticos

171 1673 308 1777 Stoice&
325 1688 336 1720 ¹
356 1698 527 1770 regenam,
552 1685 592 1742 ut
616 1671 754 1744 Catium
780 1670 926 1744 Athenis
952 1687 1075 1745 nutum
1093 1700 1166 1748 esse

171 1798 275 1870 dicus.
308 1799 459 1870 Pansam
491 1811 683 1871 nostrum¹
716 1796 871 1870 secunda
896 1796 1077 1872 voluntate
1102 1799 1165 1874 ho·

168 1925 301 1995 nrinum
328 1923 532 2023 paludatum
565 1951 607 1997 ex
645 1923 730 1996 urbe
763 1924 896 2020 exisse,
925 1951 1032 2024 quum
1058 1927 1164 2026 ipsius

169 2075 272 2121 causa
298 2046 450 2148 gaudee,
469 2064 543 2122 tum
570 2048 766 2121 mehercule
792 2050 897 2121 etiam
922 2052 1079 2124 omniurn
1105 2079 1164 2127 no·

166 2190 286 2249 strum.
312 2176 422 2275 Spero
448 2177 559 2274 enim,
583 2176 742 2247 homines
760 2174 1014 2274 intellecturos,
1031 2193 1161 2279 quanto

164 2301 210 2374 sit
235 2301 397 2375 omnibus
423 2302 506 2375 odio
533 2300 738 2399 crudelitas,
755 2316 791 2374 et
808 2314 938 2401 quanto
956 2305 1068 2375 amori
1084 2331 1161 2405 pro·

162 2426 254 2504 bitus
279 2443 315 2502 et
340 2428 540 2526 clementia,
565 2442 670 2529 atque
692 2452 732 2499 ea
746 2429 772 2527 ³,
788 2452 877 2526 qnae
902 2410 1053 2500 mexirue
1078 2429 1168 2502 mali‘

162 2570 286 2654 petant
311 2569 347 2627 et
371 2556 640 2653 concupiscant,
657 2552 704 2626 ad
718 2551 833 2625 honos
852 2555 1036 2653 pervenire
1049 2555 1074 2629 4.
1090 2555 1159 2631 Dill

161 2680 252 2752 ficile
278 2694 331 2752 est
355 2681 446 2751 enim
473 2677 682 2777 persuadere
707 2678 926 2778 hominibus,
957 2683 990 2749 τὸ
1014 2685 1105 2750 neiis
1129 2683 1158 2751 δι’

162 2807 234 2872 aito*
259 2810 372 2898 αἱρετόν
398 2829 487 2874 esse:
513 2805 623 2876 ἡδονὴν
649 2829 750 2902 Vero,
776 2818 811 2876 et
834 2809 997 2906 ἀταραξίαν
1014 2807 1156 2904 virtute,

160 2930 306 3027 iustitia,
332 2941 372 3021 τῷ
397 2934 477 3021 καλῷ
502 2931 634 3027 parari,
666 2944 702 3002 et
735 2955 879 3028 verum,
914 2944 952 3002 et
975 2931 1155 3029 probabile

160 3071 220 3128 est.
246 3057 327 3154 Ipse
352 3057 442 3126 enim
469 3056 660 3154 Epicurus,
699 3083 718 3127 a
752 3083 823 3157 quo
857 3082 977 3128 omnes
1003 3059 1096 3131 Catii
1121 3070 1154 3131 et

157 3183 319 3254 Amafinii
326 3237 336 3278 ,
360 3181 442 3252 muli
463 3181 649 3253 verborum
668 3183 873 3282 interpretes
887 3185 913 3281 ⁵,
929 3185 1152 3282 proficiscun-

156 3321 229 3407 tur,
254 3307 352 3380 dicit:
378 3312 431 3377 οὐκ
448 3312 537 3376 ’ἔστιν
561 3309 671 3396 ἡδέως,
689 3317 759 3377 ἄνευ
780 3317 832 3378 τοῦ
848 3312 943 3386 καλῶς
960 3312 1010 3376 καὶ
1029 3311 1150 3388 δικαίως

154 3459 214 3530 gne.
241 3437 360 3533 ltaque
386 3447 422 3506 et
446 3435 583 3530 Pansa,
620 3435 679 3537 qui
703 3436 813 3508 ἡδονὴν
838 3434 1015 3534 sequitur,
1042 3435 1149 3507 virtu·

152 3573 224 3631 ten
249 3561 391 3658 retinet,
416 3573 452 3631 et
475 3560 520 3655 ii,
552 3561 611 3660 qui
637 3585 657 3631 a
683 3559 815 3632 vobis⁶
840 3560 992 3643 φιὶῄδονιι
1018 3583 1148 3632 vocan-

126 3661 130 3668 ·
152 3700 228 3786 lur,
254 3700 336 3758 sunt
360 3689 526 3777 φιλόκαλοι,
552 3689 601 3752 καί
627 3686 820 3777 φιλοδίκαιοι,
854 3709 1046 3785 omnesque
1079 3683 1147 3757 vlt·-

151 3825 243 3884 tntes
269 3826 304 3882 et
329 3809 470 3908 colunt,
494 3823 530 3882 et
555 3811 716 3883 retinent.
741 3812 864 3911 Itaque
889 3807 984 3880 Sulla
998 3827 1025 3908 ι,
1051 3808 1145 3881 cuius

151 3938 315 4010 indicium
342 3936 489 4036 probare
516 3937 704 4032 debemus,
729 3963 836 4037 quum
863 3934 1046 4009 dissentire
1072 3932 1144 4034 phi·
