2648 4822
186 419 255 493 116
553 440 722 492 srrsrott
748 442 801 488 uc.
951 435 982 485 Α.
1000 440 1034 487 v.
1046 440 1081 489 c.
1101 438 1149 503 με

178 543 252 617 fore
277 542 401 640 video,
424 543 539 640 ipsum
566 541 647 615 volo
672 542 799 638 vitare,
831 564 875 611 ne
906 536 1018 611 illael
1043 539 1172 616 adme

178 671 329 741 veniant.
353 670 402 740 Et
426 691 495 738 una
521 680 574 738 est
598 668 745 764 vitatio,
769 679 809 736 ut
834 690 898 761 ego
923 663 1032 736 nolim
1051 667 1076 736 ⁵.
1102 666 1174 741 Sed

175 820 317 871 necesse
342 807 403 866 est.
428 793 480 864 Te
505 791 574 864 hoc
599 816 692 863 nunc
717 816 819 888 rogo,
851 805 891 861 ut
919 789 1101 889 explores,
1126 790 1172 865 ad

176 945 280 1020 quam
306 918 398 991 diem
423 917 480 989 hic
505 917 554 988 ita
580 919 710 1016 possim
736 940 827 1012 esse,
843 928 883 987 ut
907 940 952 986 ne
977 916 1167 1018 opprimar.

174 1046 285 1141 Ages,
309 1058 350 1117 ut
374 1042 512 1140 scribis,
539 1055 740 1142 temperate.

224 1197 243 1247 2
272 1169 466 1242 Ciceroni⁶
492 1165 596 1240 velim
622 1166 690 1241 hoc
716 1191 894 1266 proponas
927 1165 999 1253 (ita
1026 1179 1167 1264 tamen,

171 1295 200 1365 si
226 1293 288 1366 tibi
314 1319 385 1365 non
411 1294 570 1393 iniquum
603 1291 810 1390 videbitur),
839 1305 879 1363 ut
903 1304 1037 1365 sumtus
1064 1291 1166 1365 buius

170 1420 457 1518 peregrinationis
484 1417 644 1517 (quibus,
660 1419 688 1489 si
712 1418 843 1491 Romae
869 1430 977 1515 esset,
1002 1417 1165 1490 domum·

169 1570 236 1643 que
262 1543 495 1641 conduceret,
523 1542 624 1643 ⁴quod
662 1543 773 1618 facere
812 1541 989 1641 cogitabat
1006 1561 1032 1640 ⁷,
1064 1542 1165 1616 facile

168 1681 353 1744 contentus
378 1667 513 1739 futurus
539 1679 640 1756 erat)
677 1667 919 1741 accommodet
952 1668 998 1741 ad
1031 1695 1163 1740 merce-

167 1791 229 1864 des
254 1792 398 1889 Argileti
423 1806 459 1865 et
481 1793 647 1887 Aveutini
664 1795 689 1866 ⁸:
714 1808 750 1864 et
775 1819 883 1894 quum
909 1793 941 1864 ei
966 1818 1162 1893 proposue-

166 1916 228 2015 ris,
252 1918 327 2017 ipse
352 1916 456 1990 velim
480 1917 609 2020 reliqua
637 1919 838 2018 moderere,
863 1917 1161 2018 quemadmodum

165 2043 273 2114 exiis
299 2042 517 2117 mercedibus
542 2043 805 2145 suppeditemus
830 2045 862 2116 ei
878 2061 905 2143 9,
941 2042 1039 2145 quod
1070 2071 1160 2145 opus

163 2167 217 2240 sit.
248 2169 500 2270 Praestab010,
530 2196 595 2243 nec
627 2169 811 2268 Bibulum,
848 2194 914 2243 nec
945 2169 1158 2282 Acidinum⁷

160 2317 227 2369 nec
252 2294 454 2395 Messalam,
483 2321 570 2401 quos
595 2295 742 2370 Athenis
767 2296 902 2369 futuros
926 2296 1055 2399 audio,
1087 2325 1159 2374 ma·

159 2418 252 2493 iores
278 2435 412 2495 sumtus
437 2421 606 2522 facturos,
634 2448 739 2526 quam
764 2421 861 2524 quod
885 2448 928 2498 ex
953 2424 1002 2496 eis
1027 2449 1159 2500 meree·

159 2545 261 2618 dibus
286 2548 473 2648 recipietur
486 2563 525 2620 ¹¹.
542 2550 665 2649 Itaque
690 2548 795 2621 velim
819 2547 956 2648 videas,
981 2551 1133 2650 primum
1146 2606 1158 2650 ,

158 2670 391 2747 conductores
429 2674 489 2773 qui
521 2674 607 2771 sint,
639 2686 673 2749 et
710 2675 831 2781 quanti
851 2691 898 2772 ¹²5
933 2675 1078 2776 deinde,
1114 2691 1155 2751 ut

156 2796 225 2894 sit,
250 2798 307 2897 qui
335 2797 380 2871 ad
406 2796 497 2871 diem
523 2796 654 2896 solvat3
679 2811 733 2899 et,
758 2799 843 2901 quid
868 2800 986 2874 viatici
1001 2803 1042 2900 ¹³,
1067 2801 1154 2904 quid

153 2924 374 3000 instrumenti
399 2925 482 2996 satis
508 2925 560 2996 sit.
586 2925 746 2998 lumento
773 2941 867 2999 certe
890 2927 1039 3003 Athenis
1064 2927 1152 3008 nihil

153 3071 243 3146 opus
269 3061 330 3119 est
356 3047 491 3140 Quibus
517 3063 632 3122 autem
656 3051 693 3123 in
718 3053 775 3124 via
801 3067 935 3153 utatur,
953 3053 1051 3126 domi
1068 3068 1150 3128 sunt

152 3169 273 3273 plura,
298 3199 402 3278 quam
429 3200 517 3277 opus
542 3191 635 3254 erat:
673 3177 898 3286 quodetiam
925 3193 964 3253 tu
989 3181 1146 3255 animad-
1187 3268 1192 3281 ι

152 3298 265 3375 vertis.

590 3558 678 3630 DLI.
879 3598 931 3655 (ra
947 3598 998 3645 au.
1015 3599 1074 3660 xo,
1089 3602 1120 3656 a)

147 3730 362 3805 Argumentum.
390 3754 399 3791 1
417 3735 463 3792 De
477 3734 628 3794 Ciceronis
642 3734 695 3793 lilii
710 3737 815 3796 itinere
829 3746 859 3794 et
872 3737 989 3824 comite.
1005 3756 1022 3795 a
1038 3737 1140 3814 Quae·

187 3835 224 3892 rit
245 3835 316 3917 quid
336 3837 422 3902 Celer
443 3840 576 3903 retulerit
597 3840 751 3901 caesarem
773 3862 840 3903 curn
856 3840 1022 3906 candidatis
1036 3848 1138 3925 egisse.
