2648 4822
455 449 493 498 ιιι
519 446 708 497 srssronsa
1014 421 1086 499 506

122 568 192 612 sane
212 547 335 632 multos,
355 560 386 610 et
405 547 506 611 locum
526 571 597 611 sene
622 549 755 632 amplum
783 548 910 610 habuisti
932 552 962 610 in
983 550 1087 610 vendi·

118 658 210 720 tando
239 660 382 719 oratione.
410 658 467 740 Ep.
494 650 615 742 xxix,
640 658 728 720 XlV:
754 657 915 718 limacum
937 659 1087 719 vinalibus

116 765 228 826 domm

74 871 95 934 8
115 872 163 934 lld
183 894 229 954 ep.
250 871 348 932 DCVl
369 874 430 932 init.

73 1004 96 1066 9
115 981 163 1043 Ad
182 1002 276 1042 nonas
296 983 327 1041 in
348 979 571 1064 Tusculanum,
592 1001 639 1064 ep.
659 979 773 1063 DCVl,
794 1001 823 1042 s.

78 1110 114 1149 ιο
135 1089 218 1167 Quid
239 1088 375 1149 homines
388 1088 427 1150 de
440 1109 491 1148 me
504 1087 682 1170 loquantur,
702 1100 733 1150 et
746 1108 838 1171 quam
851 1099 974 1172 carpant
986 1108 1085 1149 meam

114 1200 175 1257 sive
195 1195 415 1275 infirmitatem,
436 1198 497 1256 sive
517 1193 680 1281 desidiam,
699 1195 784 1278 quod
805 1195 899 1257 absim
920 1217 938 1255 a
959 1197 1042 1256 curia
1056 1206 1086 1257 et

113 1304 189 1364 foro.

79 1432 110 1471 ιι
134 1410 210 1471 Nihil
233 1431 296 1471 esse
316 1410 436 1490 melius,
458 1432 550 1493 quam
571 1409 710 1472 laborare
731 1410 770 1472 de
790 1409 878 1471 fama.

80 1516 391 1600 rslltquehoc:1n
411 1518 495 1579 omni
518 1520 577 1579 vita
603 1530 658 1579 etc
686 1517 808 1580 videsne
835 1539 926 1600 quam
951 1517 1086 1601 philoso-

113 1626 201 1709 phice
216 1629 253 1687 sit
266 1625 395 1687 dictum?
416 1625 495 1688 Edd.
515 1628 591 1686 lens.
606 1637 637 1687 et
651 1625 756 1687 Hera:
777 1627 866 1687 Nihil
881 1627 959 1686 enim
979 1627 1085 1686 melinas

112 1734 223 1816 (Herv.
244 1735 358 1812 minus)
379 1732 547 1794 curandum
571 1747 616 1795 est
639 1747 729 1817 atque
752 1735 809 1794 lsoc
836 1746 893 1819 etc,
926 1735 1084 1815 Legerim:

112 1841 201 1902 Nihil
228 1843 326 1901 minus
352 1840 519 1903 emandans
538 1854 590 1903 est.
609 1840 706 1925 Atqui
732 1844 789 1903 lsoc
807 1876 850 1889 -
869 1840 969 1914 vides,
989 1861 1084 1924 qnam

113 1957 270 2030 principes.

77 2055 111 2116 13
132 2055 240 2116 Libros
260 2054 489 2138 philosophicos.

76 2163 113 2239 14
130 2162 268 2224 Marsum
280 2185 353 2225 esse.
366 2163 481 2225 Nollem
494 2174 524 2225 te
537 2163 748 2224 momordisset
761 2162 807 2242 id,
819 2162 903 2245 quod
915 2162 989 2223 nihil
1002 2174 1083 2243 erat,

112 2269 144 2330 id
164 2269 224 2331 scil.
253 2270 338 2353 quod
363 2273 482 2353 scripsi,
508 2291 558 2331 me
585 2270 659 2332 nihil
682 2270 821 2332 laborare
841 2269 880 2331 de
899 2270 988 2331 foma.
1015 2271 1099 2331 Non.

112 2390 157 2439 est
176 2381 249 2439 tanti
269 2379 393 2455 scilicet,
413 2390 448 2439 ut
467 2389 498 2439 te
518 2378 663 2439 mordeat.

76 2485 112 2548 15
131 2484 172 2547 In
191 2499 266 2564 toto,
287 2491 316 2548 in
338 2498 402 2548 toto
422 2486 482 2547 hoc
502 2490 624 2567 negotio
644 2487 683 2548 de
703 2489 801 2548 amico
821 2487 1022 2569 periclitante,
1047 2499 1082 2549 ut

111 2594 190 2654 idem
213 2596 345 2655 Gronov.
368 2594 515 2678 explanat.
537 2594 736 2655 scribendum
755 2615 818 2656 esse
841 2597 968 2656 coniecit
988 2596 1083 2656 Erne-

110 2705 199 2778 stius,
213 2713 243 2762 et
255 2705 404 2785 rescripsit
418 2702 575 2764 Schiitzius
589 2705 649 2763 nisi
662 2715 692 2763 ut
705 2703 755 2762 cni
765 2725 802 2764 ne
815 2701 918 2763 desim.
939 2703 1083 2782 Videtur,

110 2811 206 2891 inquit
220 2811 405 2887 Gronovius,
419 2809 524 2893 fuisse,
545 2813 598 2891 qui
612 2810 716 2872 dixerit
736 2822 826 2893 turpe
846 2811 911 2872 sore
931 2811 1083 2894 Ciceroni,
1113 2856 1116 2861 -

110 2920 133 2976 si
153 2938 210 3000 pro
231 2920 328 2978 amico
349 2922 379 2978 in
399 2918 466 2979 foro
486 2919 671 3002 periclitante
691 2941 752 2980 uon
774 2921 976 2981 contenderet.

74 3023 111 3086 16
131 3025 242 3086 Sensus
263 3037 321 3087 est:
344 3030 428 3107 quasi
448 3047 521 3089 vero
548 3027 578 3087 id
606 3027 679 3087 mihi
704 3049 794 3089 curae
819 3031 870 3104 sit,
896 3040 932 3089 ut
958 3031 987 3089 in
1014 3028 1081 3090 foro

109 3132 260 3217 dominer,
281 3145 311 3195 et
326 3137 446 3215 primus
468 3146 622 3195 oratorum
645 3156 708 3196 esse
725 3135 836 3197 videar.
858 3136 907 3196 Sic
918 3137 1025 3219 flamm
1040 3151 1082 3199 te·

108 3262 176 3300 nere
189 3241 260 3302 dixit
279 3244 309 3300 in
330 3241 414 3301 Brut
433 3261 482 3321 ²7·
502 3241 531 3302 J.
551 3241 588 3301 F.
612 3241 739 3303 Gronov.
760 3243 833 3305 Ver.
854 3264 921 3304 mss.
942 3244 1080 3314 Aldinae:

109 3347 223 3408 iudicia
244 3351 352 3408 timens
804 3330 810 3342 ι

72 3477 106 3535 ¹7
128 3456 233 3538 Neque
253 3457 331 3516 cuim
353 3455 430 3537 illis,
450 3455 560 3517 scilicet
580 3478 660 3516 nunc
682 3456 823 3519 delector.
844 3456 942 3519 Ideni.

72 3559 107 3623 18
127 3562 205 3644 Epp.
225 3562 313 3644 DCl,
339 3582 371 3642 rs,
391 3564 540 3641 DLXlll,
561 3584 579 3624 s
602 3575 631 3624 et
652 3563 829 3648 DCXXlll,
856 3586 880 3625 ι.

72 3690 108 3751 ¹9
130 3669 281 3751 intellige,
301 3679 427 3730 mutare.
448 3671 567 3731 Dicitur
587 3674 716 3754 ironice,
738 3675 831 3732 immo
851 3671 927 3733 licet.
947 3672 1082 3734 Pertinet

108 3775 147 3835 ad
169 3779 308 3857 superius
326 3777 403 3836 vitae
425 3796 519 3857 genus
540 3779 570 3837 in
590 3777 658 3839 foro
679 3789 710 3839 et
730 3777 859 3839 iudiciis:
881 3777 964 3859 quod
984 3799 1016 3839 se
1037 3779 1083 3839 di·

107 3885 148 3943 cit
169 3884 240 3943 oliui
261 3881 422 3965 probasse,
448 3905 529 3946 nunc
557 3887 621 3947 iure
642 3906 697 3947 suo
718 3904 805 3968 posse
828 3896 1018 3946 contemnere
1045 3907 1082 3947 ac

105 3990 283 4071 relinquere.
305 3991 417 4052 finest.
