2648 4822
243 438 309 537 194
561 461 727 507 errsrnrn
758 462 902 506 nrxrnr
1018 462 1048 505 s.
1068 462 1100 507 v.
1117 458 1147 505 c.
1168 458 1217 524 ,οι

235 561 386 637 rendusl
411 563 520 634 immo
545 586 630 633 vero
655 564 762 633 etiam
788 562 1016 633 ailiuvandus.
1045 564 1096 633 De
1122 564 1238 637 Otho·

234 716 293 787 ne,
310 687 433 761 diffido
446 690 473 785 ⁵,
489 686 635 760 sortasse
652 690 733 788 quia
751 689 865 787 cupio.
883 686 954 759 Sed
980 680 1097 760 tamen
1123 692 1239 767 maior

233 816 340 889 etiam
366 840 420 887 res
445 828 518 912 est,
549 842 656 915 quarn
688 814 870 887 facultates
895 826 1053 912 nostrae,
1080 841 1237 914 praeser-

232 942 298 1013 tim
323 939 520 1012 adversario
546 952 583 1011 et
607 939 756 1041 cupido,
781 954 817 1011 ει
832 937 1027 1037 locuplete,
1043 953 1079 1011 et
1096 940 1238 1014 herede.

231 1069 436 1141 Proximum
468 1081 537 1167 est,
569 1081 608 1138 ut
640 1066 743 1139 veliin
775 1065 920 1139 Clodiae
940 1069 966 1135 ⁶.
999 1066 1070 1138 Sed
1102 1070 1133 1139 si
1167 1070 1233 1140 ista

231 1196 346 1268 minus
380 1195 508 1267 confici
545 1206 715 1293 possunt,
747 1191 845 1263 effice
883 1191 1035 1292 quidvis.
1069 1194 1150 1290 Ego
1181 1219 1237 1266 me

230 1321 364 1395 maiore
388 1319 570 1419 religione,
588 1346 694 1420 quam
719 1320 902 1419 quisquam
920 1317 984 1389 lirit
1001 1316 1104 1389 ullius
1124 1320 1197 1392 voti
1208 1338 1235 1418 r,

231 1444 438 1520 obstrictum
463 1461 561 1546 puto.
578 1444 727 1517 Videbis
745 1446 851 1517 eliam
868 1442 1114 1516 Trebonianos
1125 1446 1152 1516 ⁸:
1170 1447 1235 1518 etsi

231 1570 359 1645 absunt
384 1571 527 1644 domini.
553 1570 645 1669 Sed,
680 1585 718 1643 ut
744 1570 790 1643 ad
816 1584 851 1641 ιε
876 1569 951 1643 lieri
976 1572 1126 1669 scripsi,
1151 1595 1236 1644 con·

230 1696 399 1773 siderabis
424 1699 530 1769 etiam
555 1696 599 1769 de
623 1696 841 1793 Tusculano,
864 1722 910 1768 ne
936 1709 1050 1769 aestas
1075 1694 1195 1769 ellluat
1209 1715 1235 1768 9:

230 1822 328 1923 qnod
353 1837 446 1895 certe
472 1848 545 1896 non
570 1837 623 1895 est
648 1823 949 1896 committendum.

626 2074 830 2148 DLXXIV·
941 2117 998 2171 (ni
1014 2116 1063 2160 sn.
1081 2116 1140 2173 xn,
1155 2114 1205 2175 44)

227 2258 445 2333 Arfflmrenmm.
472 2276 481 2312 ι
507 2256 552 2312 De
575 2254 662 2313 Hirtii
690 2252 789 2322 libro3
816 2272 834 2310 2
861 2253 899 2312 ile
926 2255 1047 2333 negotio
1069 2253 1230 2313 horlomm

266 2359 478 2434 emendorum
499 2362 517 2420 3
537 2360 575 2420 de
595 2361 726 2419 adventu
747 2378 802 2419 suo
824 2362 854 2417 in
875 2358 1084 2419 Tusculanum
1092 2346 1135 2436 3'4
1155 2358 1231 2441 quid

264 2466 446 2528 Philotimus
467 2468 504 2528 de
525 2469 671 2550 Pompeio
693 2468 871 2526 admoverit.

342 2674 396 2724 scr.
415 2676 440 2722 in
459 2676 554 2725 Antiati
574 2677 604 2724 Α.
625 2675 656 2723 V.
675 2676 704 2724 C.
724 2671 877 2737 DCCVlll,
897 2672 933 2722 lV
953 2672 990 2723 ld.
1012 2673 1105 2724 lunias.

536 2870 680 2933 CICERO
706 2872 856 2935 ATTICO
883 2873 915 2933 S.

277 3102 289 3146 r
320 3080 368 3149 Et
397 3077 548 3150 Hirtium
587 3077 718 3178 aliquid
751 3078 798 3150 ad
831 3092 866 3150 ιε
891 3083 1061 3169 συμπαθῶς
1097 3076 1142 3149 de
1166 3102 1222 3149 me

222 3204 416 3304 scripsisse,
441 3204 541 3277 laeile
567 3207 682 3305 patior
709 3205 819 3292 (feeit
845 3205 940 3276 enim
966 3203 1118 3277 humane
1137 3213 1168 3304 ),
1192 3216 1228 3276 et

221 3344 256 3402 te
282 3332 355 3404 eius
381 3331 567 3432 epistolam
594 3331 639 3403 ad
666 3358 721 3404 me
747 3357 821 3405 non
848 3331 981 3404 misisse
998 3346 1021 3429 ¹,
1037 3329 1151 3403 mullo
1174 3329 1224 3402 fa·

220 3455 328 3529 cilius.
354 3459 410 3529 Tu
436 3460 529 3530 enim
563 3460 667 3531 etiam
702 3458 895 3530 humanius.
931 3456 1029 3529 Illius
1054 3455 1183 3530 librum
1200 3471 1228 3567 ¹,

218 3607 322 3682 quern
349 3582 395 3654 ad
422 3611 476 3655 nie
502 3588 596 3658 misit
623 3585 666 3657 de
691 3586 841 3682 Catone,
859 3597 1048 3685 propterea
1074 3581 1158 3655 volo
1175 3581 1224 3655 di·

217 3707 351 3806 wlgari
377 3737 395 3781 a
424 3712 508 3809 tuis,
540 3727 580 3784 ut
605 3739 647 3783 ex
680 3714 860 3785 istorum³
891 3710 1149 3811 vituperatione
1175 3709 1222 3782 sit

217 3835 309 3909 illius
335 3838 446 3911 maior
471 3839 636 3911 laudatio.

267 3990 287 4034 2
314 3965 421 4058 Quod
449 3992 510 4063 per
535 3965 720 4039 Mustelam
754 3970 826 4063 agis
844 3966 869 4059 4,
896 3965 1003 4038 habes
1037 3963 1217 4039 hominem
