2648 4822
455 441 492 487 is
520 437 714 489 erroronns
784 432 785 436 ’
1015 409 1087 508 545

84 538 120 598 ιό
142 539 297 599 ὃώὶὶῑιίιιε
317 558 352 598 ex
372 539 489 598 emend.
512 540 712 600 Walcieniirii
733 539 851 623 (opusc.
874 562 903 623 p.
926 540 1003 620 274)
1024 539 1090 600 edi-

120 646 164 706 dit
184 647 344 706 homiuum.

84 752 119 812 ι6
141 752 215 812 cod.
230 754 300 812 Rec.
315 753 455 834 intelligo,
470 753 517 814 est
531 756 586 816 Ro.
603 756 749 837 intelligis
763 755 805 816 Et
817 775 886 818 mox
899 756 968 818 edd.
982 756 1087 818 Lamb.

119 871 149 921 et
169 860 302 927 Scimen,
319 863 363 943 pL
384 862 517 924 siluere.
883 877 905 895 ·'

509 1100 655 1160 DCXLll.

85 1308 94 1347 ι
121 1287 187 1346 vid,
211 1308 256 1368 ep.
280 1286 385 1347 CXIV.
407 1287 487 1347 Eum
507 1309 563 1370 per
589 1287 664 1349 haee
690 1300 827 1371 tempora
855 1289 967 1349 Caesar
994 1292 1086 1350 victor

120 1395 197 1473 agris
217 1396 294 1454 inter
314 1393 421 1455 milites
441 1393 607 1457 dividendis
626 1394 819 1477 praefecerat

78 1520 97 1558 α
120 1500 212 1576 Quod
233 1500 330 1583 legem
351 1524 370 1562 a
390 1501 517 1594 tribunis
533 1501 573 1584 pl.
588 1501 810 1585 promulgatam
830 1503 868 1564 de
889 1508 968 1583 agris
981 1524 1088 1565 eorum
1146 1526 1150 1536 ‘

120 1607 283 1668 dividendis
303 1609 427 1691 perferri
449 1609 553 1670 consul
573 1630 635 1670 non
655 1630 723 1671 sum
739 1630 852 1692 passus
868 1610 956 1670 infra.
969 1610 1086 1672 Manat.

80 1715 98 1775 3
120 1716 244 1776 Restitui
267 1735 336 1775 eum
358 1717 380 1777 l.
402 1705 578 1778 VJClenoo
599 1717 756 1777 lectionem
783 1716 920 1778 Lambini
940 1728 971 1778 et
990 1712 1088 1778 Grae-

120 1824 174 1901 vii,
194 1844 288 1903 quam
313 1820 433 1884 firmant
461 1823 557 1883 Codd.
579 1826 672 1885 Amst.
700 1823 821 1886 Mentel
847 1836 878 1885 et
898 1825 1087 1887 'Gmestanus

119 1950 176 1988 sec.
201 1929 280 1990 Eds.
304 1941 407 1991 tamen
425 1942 496 1993 vett
516 1952 570 1993 uec
591 1933 622 1992 in
642 1931 804 1994 honoribus
823 1931 897 1991 ineis
922 1932 1087 1992 &boribus

118 2058 194 2117 que3
216 2039 250 2096 iis
270 2041 402 2119 proxime
422 2039 577 2099 Ernestius
597 2061 649 2100 uec
663 2040 695 2099 iu
707 2037 867 2101 tonoobus
886 2040 977 2112 meis,
1000 2039 1086 2099 labo-

118 2145 216 2207 ribus:
239 2144 348 2204 Sehiitz
368 2167 420 2205 uec
445 2145 604 2205 honoribus
631 2147 720 2218 meis,
741 2167 794 2205 uec
816 2145 976 2205 laboribus.
998 2145 1085 2222 Quae

119 2250 215 2327 edidi,
235 2255 277 2310 sic
297 2255 506 2333 interpretare:
528 2272 584 2312 nee
597 2253 627 2310 in
640 2250 806 2314 honoribus
821 2253 910 2332 meis,
930 2272 985 2311 nec
999 2253 1028 2310 in
1042 2250 1083 2311 la·

120 2356 245 2423 boribus
266 2377 409 2438 umquam
429 2356 501 2427 mihi
522 2356 691 2420 defuerunt

78 2466 99 2540 4
119 2462 225 2522 Lamb.
245 2462 291 2522 ad
309 2465 356 2523 ius
375 2484 462 2523 sitnm
483 2462 680 2524 obtinendum.

75 2570 98 2632 5
118 2573 204 2649 Quo,
224 2592 319 2653 quum
340 2570 424 2631 Sulla
444 2591 531 2653 agros
553 2570 714 2654 divideret,
735 2570 965 2631 Volaterranum
986 2567 1087 2650 publi·

119 2679 196 2738 cavit
221 2678 360 2759 quidem,
386 2677 438 2738 sed
465 2699 564 2760 neque
590 2678 739 2760 dividere,
766 2697 865 2758 neque
886 2676 1089 2737 Volaterranis

118 2786 267 2844 civitatem
289 2787 405 2868 eripere
425 2788 536 2867 potuit:
558 2805 655 2867 quum
675 2786 765 2844 etiam
785 2795 851 2851 tum
871 2791 968 2843 essent
988 2784 1018 2840 in
1038 2801 1088 2840 ar·
1195 2809 1198 2816 ·

119 2894 186 2970 mis,
200 2903 230 2952 et
242 2892 396 2953 biennium
412 2914 481 2952 eum
494 2895 665 2977 proscriptis
679 2891 790 2953 obsessi
804 2890 935 2952 fuissent.
960 2886 1086 2952 Conoct

77 2999 99 3060 6
119 3001 210 3060 Recte
230 3000 353 3082 Lamb.,
373 3001 427 3062 sed
447 3005 508 3062 sine
529 3001 625 3062 libiis:
649 3002 749 3084 Quum
768 2999 846 3057 enim
867 2998 984 3057 tribuni.

80 3129 96 3183 7
119 3108 165 3166 De
191 3127 264 3188 agro
292 3105 446 3192 Campano
472 3108 642 3173 dividendo.
671 3105 801 3170 Consule
828 3115 896 3188 epp.
925 3103 1028 3183 XLll,
1056 3122 1085 3180 ¹3

119 3214 229 3292 XLIV,
250 3235 278 3276 α.

79 3321 98 3381 8
120 3322 224 3384 Lamb.
245 3324 384 3405 obligare.

79 3449 100 3510 9
120 3428 224 3488 Lamb.
244 3445 272 3490 et
290 3432 345 3490 tibi
363 3429 519 3491 sundram.

83 3555 119 3594 10
140 3536 225 3596 Multi
246 3537 313 3596 libri
331 3558 409 3618 ergo.

85 3664 113 3700 ιι
140 3643 226 3702 itini).
246 3643 267 3703 6
287 3658 313 3703 te
332 3645 431 3727 quasi.

85 3769 119 3811 ια
141 3751 189 3809 Sic
211 3771 276 3810 mss
297 3762 328 3811 et
347 3750 415 3812 edd.
437 3772 498 3833 pn,
519 3771 656 3833 proquo
679 3753 755 3814 rnale
777 3751 895 3831 irrepsit
918 3758 1088 3828 pos-smnus.

119 3856 235 3918 Ernest

127 4087 233 4152 cmii.
259 4089 312 4148 is.
340 4125 373 4135 -
395 4089 469 4150 ιιι.
498 4091 533 4153 r.
558 4092 659 4157 Vm.
930 4084 990 4162 ss,

749 4167 757 4200 l
