2648 4822
486 470 523 522 nt
550 469 740 523 srisroms
1042 440 1113 520 553

151 586 212 637 tom
230 573 368 657 gravem!
386 577 469 657 quasi
491 574 585 653 dicat,
605 590 695 656 quem
717 571 787 633 mihi
809 571 894 632 valde
914 593 1034 656 gravem
1051 574 1115 634 lore

147 682 308 765 putabam,
328 686 352 744 is
372 683 444 742 mihi
462 685 585 743 mimine
605 681 747 742 molestus
767 681 831 741 fuit.
856 671 961 762 Itaque
973 663 975 667 ,
988 681 1113 742 subiun-

147 792 190 869 git
210 799 430 872 ἀμπαμέλητον,
447 789 531 872 quod
550 809 618 849 eum
640 810 699 849 non
709 791 867 870 poeniteret
883 788 1013 870 hospitlo
1027 787 1110 848 Illum

145 899 299 977 accepisse.
316 897 434 956 Bosiur.
448 894 612 956 Lambinus
629 895 788 977 Hospitem
802 916 841 954 m.
862 908 881 956 t.
893 917 937 976 g.‚
951 898 1065 956 omisso
1077 895 1114 957 0.

105 1023 123 1062 α
145 1003 284 1063 Secundo
305 1003 542 1063 saturnaliorum
563 1003 628 1085 die,
655 1001 714 1063 hoc
734 1014 778 1063 est
799 1002 870 1062 XIII
883 979 950 1063 Kdl.
971 1003 1047 1082 Ian.3
1069 1023 1115 1084 ep.

146 1109 325 1170 CCXXVIII
346 1111 407 1170 init.
429 1122 459 1170 et
479 1109 612 1169 Macrob.
634 1109 805 1186 Saturni,
832 1130 876 1171 ιο.
990 1116 991 1120 ’

104 1217 123 1277 3
144 1218 224 1295 Quia
245 1217 354 1278 Caesar
372 1217 515 1299 postridie
535 1216 616 1299 apud
638 1237 688 1277 me
710 1228 869 1277 cenaturus
897 1228 969 1277 erat
992 1217 1115 1278 Murrut.

104 1324 236 1401 dRecte
256 1324 409 1384 Ernestius
430 1327 547 1384 coniicit
566 1323 727 1405 legendum
751 1337 792 1385 at.
816 1325 889 1384 Mox
914 1323 1017 1385 Barba
1045 1321 1116 1384 Cas·

143 1434 225 1510 siur,‘
242 1430 347 1512 aliquis
374 1453 411 1493 ex
431 1428 563 1492 tribunis
587 1431 642 1514 pt,
669 1443 749 1494 certe
775 1453 813 1493 ex
844 1415 978 1493 caesaris
1005 1433 1113 1492 amicis.

144 1538 220 1599 rut
243 1539 377 1621 xnus.
500 1525 502 1529 ’
652 1520 660 1538 ·

103 1645 124 1706 5
143 1645 250 1706 Milites
270 1649 362 1728 Igitur
382 1667 484 1706 omues
505 1648 535 1705 in
555 1666 629 1728 agro
644 1646 868 1708 discubuerunt
886 1647 926 1707 Et
939 1661 1041 1708 casnm
1055 1662 1113 1729 pro

143 1752 285 1814 militibus
304 1756 421 1836 posuit,
441 1764 471 1815 et
485 1757 568 1835 quasi
583 1757 765 1839 panianum,
783 1765 816 1815 ut
829 1776 924 1836 quum
937 1755 1026 1815 infert
1038 1742 1114 1816 villo

142 1860 264 1942 deseram
289 1874 347 1935 est,
376 1882 448 1944 pro,
482 1883 520 1923 ex
554 1861 697 1922 militibus
726 1861 826 1922 villam
855 1882 945 1923 nemo
976 1863 1114 1923 introivit.

143 1967 259 2030 Manat.

101 2076 121 2136 6
142 2076 352 2137 Commoratus
372 2087 417 2137 cst
437 2098 531 2158 usque
553 2077 592 2136 ad
612 2077 719 2136 horam
739 2075 1012 2158 postmeridIanam.

102 2204 120 2261 7
144 2182 221 2242 Cum
237 2182 332 2244 Balbo
343 2193 540 2265 procuratore
552 2183 637 2264 (epp.
651 2181 820 2264 mxxix,
835 2202 853 2242 a
869 2194 899 2242 et
915 2181 1053 2259 mxxi,
1071 2180 1114 2262 5)

143 2291 323 2371 supputavit
408 2276 410 2282 ⁴

103 2396 123 2456 8
144 2397 251 2473 Quum
270 2405 300 2455 et
319 2396 520 2475 Mamurram,
548 2403 578 2455 et
604 2414 635 2454 se
662 2395 759 2478 ipsum
786 2414 805 2455 a
831 2395 949 2456 Catullo
965 2382 1113 2457 'versibus

142 2504 331 2582 perstrictum
353 2499 517 2582 intellexit„
530 2520 591 2561 non
618 2510 783 2562 esttamen
810 2502 1011 2584 perturbatus.
1039 2502 1110 2562 Sve-

143 2621 203 2670 ton.
226 2613 255 2669 in
269 2608 322 2668 Iul.
337 2610 391 2687 73,
414 2608 519 2668 Catull.
536 2630 626 2668 carm.
640 2609 753 2691 xxlx,
768 2609 796 2669 3.
825 2608 949 2669 Corrad.
969 2608 1112 2670 Restituit

142 2716 304 2776 Lambinus
319 2719 494 2776 auctoritate
509 2716 574 2777 cod.
592 2715 751 2776 Tornaes:
773 2716 856 2783 Dum
869 2715 982 2795 audiuit
994 2715 1033 2776 de
1047 2713 1106 2795 M.‚

143 2836 173 2884 et
186 2845 256 2884 mox
275 2825 383 2885 vudum
405 2823 520 2885 addidit
534 2825 638 2885 Bosius
653 2845 691 2885 ex
704 2821 766 2885 fide
779 2820 924 2885 Tomaes.
940 2835 970 2885 et
984 2818 1109 2885 Crusell.

101 2954 122 3014 9
143 2932 222 2992 ldest
245 2936 428 2992 curationem
454 2954 508 3015 per
529 2935 682 2993 vomitum.
709 2932 827 2992 Eadem
848 2953 920 2993 usus
941 2942 985 2993 est
1004 2917 1128 3013 regula*

143 3039 266 3117 Caesar,
287 3057 377 3120 quam
399 3039 502 3100 Celsus
521 3039 569 3122 (1,
583 3039 602 3099 3
617 3059 635 3099 a
648 3037 746 3120 med.)
766 3039 953 3121 praescribit:
978 3039 1039 3122 Qui
1057 3057 1111 3099 vo-

142 3147 227 3225 muit,
241 3148 269 3206 si
281 3167 369 3206 olane
382 3144 416 3205 id
424 3149 520 3225 fecit,
540 3145 695 3207 anthelm
708 3144 806 3223 dehet,
828 3160 889 3207 tum
903 3149 988 3228 uugi,
1003 3144 1128 3206 deinde''

142 3275 255 3314 cenare.
276 3254 337 3313 Pro
358 3256 454 3313 Deiot
471 3275 500 3332 7:
525 3254 624 3336 Qrutm
645 3275 759 3315 vomere
772 3268 799 3315 tc
819 3254 963 3337 (Caesar)
981 3266 1052 3335 port
1064 3245 1116 3313 oe·

143 3382 214 3421 uam
227 3362 298 3422 velle
311 3360 451 3422 meuses.
474 3361 542 3421 Sen.
564 3360 604 3421 ad
625 3360 710 3422 Heln.
731 3382 757 3424 c.
778 3383 800 3445 9
821 3361 878 3422 sub
897 3359 960 3421 fin:
977 3360 1013 3421 V
1008 3374 1111 3422 omum
1127 3382 1129 3389 ⁸

143 3483 174 3529 ut
201 3469 310 3543 edant3
337 3468 428 3529 edunt
459 3483 491 3529 ut
516 3483 634 3530 vomant
664 3481 719 3530 ete.
751 3468 954 3548 Panthagatus
984 3469 1112 3529 condecit

143 3591 247 3656 egerat.

107 3702 141 3740 10
163 3683 265 3743 Verba
285 3684 405 3765 Lucilii3
426 3684 494 3744 vide
515 3684 554 3745 de
574 3683 639 3746 Fin.
661 3686 706 3766 ll,
725 3683 755 3747 8.
780 3684 967 3746 Postremam
995 3683 1110 3744 literam

142 3802 190 3851 τοῦ
211 3792 345 3870 quaeris,
360 3802 394 3850 ut
406 3794 545 3852 carminis
559 3795 637 3853 ratio
651 3803 782 3874 constet,
796 3790 963 3853 elidendam
976 3809 1040 3852 esse
1054 3789 1111 3852 do·

143 3905 190 3954 cet
210 3895 391 3977 ululamina,
411 3910 442 3959 et
463 3898 538 3959 elisit
557 3901 617 3959 iam
638 3901 661 3962 1.
682 3900 720 3961 V.
743 3898 883 3960 Clericus.

110 4020 139 4059 ιι
166 3998 265 4062 Ilomo
287 4002 396 4065 dicitur
415 4005 584 4088 simpliciter
604 4027 661 4090 pro
680 4007 797 4068 homine
812 4006 930 4088 polito‚·
944 4016 974 4067 ct
987 4005 1024 4066 ad
1039 4023 1106 4065 sen·
