2648 4822
538 443 706 495 musrom
736 445 813 494 nxz.
951 445 983 493 n.
997 447 1032 494 v.
1051 447 1080 494 c.
1098 443 1144 510 ,αι

614 673 724 745 DXL·
897 712 952 773 (Ad
967 713 1020 762 Au.
1030 713 1089 774 Xu,
1105 715 1146 770 n)

174 837 393 933 Argumentum.
418 873 428 911 t
451 852 565 932 Rogat,
587 862 620 911 ut
639 853 812 932 negotium,
832 848 916 930 quod
936 849 975 910 ud
996 851 1165 910 Terentium

213 960 374 1030 attinebat,
396 962 551 1040 suscipiat3
573 980 590 1016 α
612 961 816 1040 quaestionem
837 957 874 1016 de
890 957 995 1018 Clodia
1016 963 1166 1040 proponit3

213 1068 230 1125 3
245 1067 281 1126 de
296 1065 391 1128 hortis
405 1064 474 1126 fano
489 1064 608 1125 Tulliae
622 1063 785 1123 extruendo
800 1063 933 1124 emendis
951 1065 1061 1123 iterum
1078 1075 1163 1143 rogat.

303 1325 356 1377 Ser.
376 1324 482 1376 Asturae
502 1325 533 1375 Δ.
552 1321 584 1372 V.
604 1322 631 1373 C.
654 1319 908 1386 DCCVlH‚·menre
927 1306 1045 1374 Martio.⁴
1147 1289 1151 1299 ¹

479 1553 623 1620 cremo
648 1552 800 1642 muco
825 1553 859 1618 s.

223 1824 234 1869 t
265 1797 318 1868 De
343 1795 507 1872 Terentia
525 1810 550 1894 ¹,
575 1794 672 1897 quod
695 1793 781 1868 mihi
807 1819 912 1869 omne
940 1818 1031 1869 onus
1056 1796 1161 1896 impo-

167 1924 238 2022 nis,
262 1947 334 1996 non
360 1945 534 2020 cognosco
560 1934 655 1993 tuam
683 1921 719 1992 in
742 1947 798 1992 me
814 1918 1079 2018 indulgentiam.
1096 1924 1161 1994 Ista

165 2051 257 2121 enim
290 2063 371 2121 sunt
403 2049 478 2148 ipsa
504 2046 668 2144 vulnera,
701 2072 790 2148 quae
823 2073 896 2119 non
922 2071 1068 2146 possum
1095 2060 1160 2119 tro·

164 2188 258 2248 ctare
283 2175 358 2246 sine
384 2175 534 2246 maximo
560 2173 698 2270 gemitu.
719 2170 901 2245 Moderare
918 2173 1042 2270 igitur,
1060 2195 1160 2275 quae·

161 2326 219 2398 so,
244 2315 283 2372 ut
307 2314 419 2400 potes.
445 2299 567 2400 Neque
592 2297 684 2371 enim
710 2323 731 2370 a
757 2309 791 2370 te
807 2296 908 2399 plus,
925 2324 1032 2398 quam
1049 2278 1161 2400 potes,

159 2427 322 2526 postulo:
357 2440 459 2528 potes
492 2439 627 2525 autem,
651 2423 739 2525 quid
763 2425 838 2498 veri
864 2426 932 2524 sit,
963 2422 1158 2527 perspicere

161 2565 201 2624 tu
226 2563 326 2626 unus.

210 2705 230 2749 2
255 2680 309 2749 De
335 2677 500 2775 Rutitiv,
526 2677 692 2780 quoniam
718 2674 846 2749 videris
873 2674 1055 2777 dubitare,
1078 2678 1158 2751 seri-

160 2799 222 2874 bes
249 2800 294 2873 ad
321 2828 393 2902 me,
419 2827 527 2903 quum
552 2803 662 2902 scies,
694 2803 756 2876 sed
782 2805 1058 2905 quamprimum:
1095 2804 1157 2876 et³

158 2949 244 2998 num
270 2925 412 3025 Clodia,
437 2930 479 3000 D.
505 2928 644 3000 Brutot
670 2929 861 3028 consulari,
886 2928 957 3001 filio
977 2955 1059 3028 suo,
1075 2955 1160 3002 mor·

158 3062 239 3151 tuo,
264 3053 399 3125 vixerit
426 3053 469 3126 Id
496 3053 539 3126 de
565 3054 733 3129 Marcello
751 3056 776 3154 ⁵,
808 3067 869 3127 aut
903 3069 996 3128 certe
1023 3056 1069 3129 de
1093 3057 1158 3129 Po·

157 3178 286 3251 stumia
311 3179 392 3252 sciri
417 3194 535 3280 potest
546 3209 557 3280 3
593 3180 713 3255 illud6
748 3195 865 3255 autem
891 3180 934 3254 de
960 3181 1008 3254 Μ.
1035 3183 1157 3282 Cotta,

154 3318 218 3376 aut
243 3303 287 3376 de
313 3305 425 3404 Syro,
451 3321 512 3379 aut
537 3307 581 3380 de
607 3308 733 3406 Satyro
752 3327 775 3380 ⁷.

203 3429 225 3501 3
251 3433 304 3502 De
330 3431 457 3530 hortis,
483 3434 590 3506 etiam
616 3447 720 3533 atque
739 3433 844 3506 etiam
861 3446 896 3506 te
913 3442 1010 3530 rogo.
1035 3433 1157 3508 Omni-

151 3551 349 3669 busomeis7
381 3583 588 3660 eorumque,
621 3585 710 3660 quos
742 3561 816 3633 scio
845 3559 931 3632 mihi
956 3584 1032 3633 non
1059 3559 1153 3634 desu-

153 3691 251 3756 turos
264 3735 275 3778 ‚
299 3680 520 3757 facultatibus
548 3684 634 3773 (sed
659 3699 784 3785 potero
810 3688 920 3776 meis)
950 3686 1152 3759 enitendum

150 3805 238 3877 mihi
266 3819 328 3879 est.
354 3807 444 3882 Sunt
469 3811 590 3907 etiam,
615 3838 703 3913 quae
722 3811 872 3885 vendere
889 3810 989 3885 facile
1011 3813 1149 3912 possim.

152 3927 242 4027 Sed,
269 3947 405 4011 utnon
432 3936 601 4034 vendam,
633 3939 734 4039 eique
768 3966 907 4024 usuram
932 3938 1149 4040 pondam‚a
