2648 4822
439 478 528 530 asts
553 478 711 531 narrant
1000 458 1071 565 567

109 581 147 643 ed
165 603 212 642 era
230 581 387 638 necessario
405 578 435 636 in
453 579 539 638 allora
558 580 611 639 che
629 593 672 638 tre
690 581 844 652 testimoni,
856 602 874 641 o
885 579 950 661 pto,
968 585 1074 662 giuras

104 694 167 732 sero
185 673 238 730 che
257 674 362 728 fosseio
381 671 530 728 realmente
549 673 650 729 malaci.
676 674 784 745 Questo
807 673 959 733 banchetto
978 679 1072 756 appel·

104 763 191 825 latasi
210 766 352 829 aditiales,
371 785 388 820 o
407 766 547 822 adsicmles
565 786 679 830 caenae,
697 786 713 821 e
733 767 762 822 di
782 767 864 822 simili
885 767 1000 827 (latensi
1019 771 1072 829 alla

104 858 315 918 consacrazione
335 857 380 913 dei
400 858 541 933 pontefici.
570 860 606 914 Vl
623 877 742 913 excuser
757 861 846 916 morbi
862 880 949 918 causa
967 866 995 918 in
1013 864 1072 920 dies

103 953 243 1026 singulos,
272 953 288 1006 ὁ
319 961 423 1026 quanto
453 970 469 1005 a
493 949 572 1005 diret
601 950 634 1004 In
661 968 750 1026 prove
776 949 829 1008 che
853 951 880 1008 la
903 953 960 1009 mia
984 953 1072 1012 salute

104 1061 162 1099 non
181 1044 220 1099 mi
239 1055 375 1119 permette
394 1061 447 1119 per
465 1061 535 1098 anco
555 1040 585 1097 di
603 1042 735 1097 trovanni
755 1041 781 1098 al
793 1055 873 1120 pasto
886 1042 939 1101 ohe
951 1045 1073 1122 Apuleio

104 1137 121 1192 ὲ
138 1156 191 1212 per
209 1136 289 1202 dare,
308 1155 324 1191 e
343 1133 396 1190 che
415 1134 525 1190 sacciasi
545 1133 668 1190 dill'erire
681 1133 753 1190 d'un
767 1135 864 1211 giorno
877 1135 1004 1194 all'altro.
1019 1137 1073 1194 Cic

103 1230 240 1308 potrebbe
259 1229 349 1286 anche
367 1228 504 1284 indicare:
524 1229 563 1282 ttt
584 1227 607 1284 si
627 1226 709 1283 abbia
728 1247 781 1304 per
796 1229 917 1286 iscusato
935 1248 988 1307 per
1006 1229 1073 1306 ogni

104 1323 178 1379 volta
197 1321 250 1378 che
269 1320 389 1398 Apuleio
415 1319 571 1376 imbandira
595 1318 616 1374 il
640 1318 806 1388 banchett03
829 1320 934 1398 perche
956 1322 967 1377 i
986 1321 1074 1379 nuovi

105 1414 201 1490 auguri
222 1416 293 1470 forse
312 1433 348 1469 ne
368 1411 567 1469 imbandivano
585 1410 672 1468 molti.

67 1501 85 1562 5
105 1511 265 1582 Perpetuam
285 1507 407 1561 morbum
425 1504 535 1567 lumbo,
553 1501 615 1559 vale
635 1523 650 1558 a
670 1502 743 1559 dire:
762 1504 794 1560 Io
812 1503 925 1580 giumo
943 1504 996 1562 che
1014 1524 1073 1561 non

104 1599 256 1655 solamente
275 1597 303 1654 io
322 1618 379 1653 non
398 1596 436 1652 mi
461 1615 547 1672 posso
570 1607 680 1653 trovam
705 1595 731 1651 al
755 1595 878 1653 convitto
903 1588 1072 1673 d'llpuleio,

103 1711 147 1746 ma
167 1689 220 1746 che
238 1689 265 1746 la
283 1689 339 1744 mia
356 1686 495 1745 infermiti
512 1706 571 1743 non
594 1686 634 1743 mi
658 1699 793 1762 pennette
820 1687 871 1764 pit
890 1687 920 1743 di
937 1689 1072 1745 trovarmi

103 1803 120 1838 a
137 1782 185 1838 tali
204 1782 353 1839 esultanze.
376 1779 418 1837 La
441 1779 563 1836 malattia
581 1799 600 1836 o
618 1778 782 1835 l'insermiti
801 1780 910 1837 servivi
930 1780 1022 1839 altresl
1042 1780 1073 1839 di

103 1895 183 1931 seusa
202 1873 231 1930 in
250 1874 334 1931 molte
353 1874 420 1930 altre
440 1872 591 1940 occasioni,
610 1892 626 1928 e
645 1872 655 1927 i
674 1872 873 1948 giureconsulti
892 1873 1024 1932 indicano
1043 1876 1072 1934 le

102 1967 238 2023 formalita
255 1966 410 2023 necessarie
429 1965 609 2023 d'avvcrtire.
628 1968 726 2020 lurore
744 1967 896 2021 morbum&
911 1964 1096 2044 un’esprcs«

102 2059 181 2115 sione
200 2071 280 2114 tratta
299 2057 345 2114 dai
365 2058 464 2125 Greci,
488 2077 563 2134 appo
586 2057 596 2111 i
622 2055 697 2131 quali
718 2075 830 2131 ognuno
848 2057 1005 2133 parimente
1024 2077 1073 2115 era

103 2150 245 2226 obbligato
264 2171 280 2204 a
299 2148 432 2225 scolparsi
450 2168 503 2225 per
517 2149 563 2205 via
576 2147 605 2202 di
618 2147 807 2223 giuramento,
820 2147 1002 2223 allorquando
1015 2168 1073 2206 non

103 2256 204 2318 potera
223 2238 378 2318 comperire
396 2241 427 2298 in
446 2239 583 2316 gladiale,
601 2259 620 2296 o
638 2238 755 2296 troversi
774 2239 828 2297 alle
847 2239 1002 2297 astemblee
1021 2240 1074 2316 (V,

103 2332 285 2406 Aristofane).

510 2510 627 2571 Dxxx.

71 2721 80 2756 t
104 2701 212 2770 Questo
230 2700 247 2755 ὲ
265 2698 286 2754 il
304 2719 372 2756 vero
391 2717 473 2756 senso
493 2698 566 2756 della
589 2697 688 2776 pamla
707 2698 871 2774 praedictor
889 2700 963 2756 nella
990 2721 1074 2759 causa

102 2812 155 2868 per
176 2791 280 2859 Balbo,
305 2811 366 2868 cap.
385 2786 416 2848 αἱ
442 2795 475 2866 Q.
499 2791 632 2850 Scaevola
656 2811 740 2869 quum
758 2792 794 2848 de
811 2796 870 2848 iure
885 2793 1073 2868 pmedr'atorio

103 2885 303 2950 consulerem,
329 2884 498 2942 consultores
527 2904 595 2942 suos
622 2904 825 2962 nonnwnquam
851 2886 891 2941 ad
911 2889 1024 2943 Funicm
1047 2893 1076 2944 et

106 2977 281 3042 Cascellsiam,
295 2978 485 3053 pmedsotoms
503 2979 646 3035 reiciebat.
664 2961 687 3032 E
706 2977 764 3034 ben
783 2977 884 3054 meglio
904 2979 1036 3036 attenerci
1056 3000 1073 3036 a

103 3080 201 3145 questo
220 3088 303 3125 senso
321 3069 374 3126 che
393 3070 528 3126 ricomere
547 3090 601 3126 con
620 3068 739 3145 qualche
758 3082 974 3127 commentatore
995 3071 1073 3127 alsi·

103 3161 232 3236 gnificato
251 3159 303 3217 che
323 3160 398 3217 classi
417 3181 434 3216 a
452 3173 549 3236 questa
561 3161 658 3238 parole
670 3161 701 3215 in
713 3159 832 3236 qualche
845 3159 961 3218 vecchia
973 3161 1073 3238 glossa.

105 3253 179 3324 Quel
197 3252 249 3310 che
269 3255 285 3308 ὲ
308 3252 360 3330 pial
384 3252 572 3320 ammirabile,
594 3253 618 3309 si
638 3254 654 3309 e
673 3251 694 3308 il
716 3251 821 3309 vedere
839 3273 920 3309 come
937 3272 1073 3330 persuaso

104 3344 157 3401 che
176 3365 216 3401 un
234 3345 272 3401 tal
290 3364 374 3422 passo
393 3364 451 3402 non
470 3364 604 3401 concorra
622 3344 667 3401 col
684 3342 799 3421 proprio
819 3343 967 3420 glossario,
979 3365 1019 3401 un
1035 3344 1073 3401 tal

104 3450 320 3494 commentatore
339 3437 395 3494 ami
414 3435 516 3512 meglio
541 3434 705 3493 d’attencrsi
730 3434 899 3492 all'autoritlt
922 3435 951 3491 di
975 3447 1073 3512 queste

104 3528 219 3585 vecchie
238 3531 343 3606 glosse,
367 3549 385 3585 o
409 3547 481 3605 pure
506 3548 586 3585 come
609 3543 740 3605 corregga
758 3528 945 3584 liancamente
964 3525 985 3581 il
1003 3538 1075 3583 testo

104 3619 134 3674 di
154 3621 305 3688 Cicerone,
324 3641 340 3678 c
359 3618 470 3677 tronchi
490 3616 692 3677 dell'orazione
711 3635 764 3697 per
781 3618 870 3674 Balbo
883 3630 982 3693 questo
992 3637 1074 3693 prae·

104 3712 236 3776 dictores,
255 3713 378 3769 sebbene
398 3732 461 3768 esso
479 3712 576 3768 trovisi
595 3713 626 3768 in
645 3713 708 3768 tutti
720 3713 730 3767 i
743 3709 922 3767 manoscritti.
937 3710 1073 3766 Cicerone

105 3817 284 3880 tappresenta
302 3805 332 3861 in
350 3804 388 3861 tal
407 3803 492 3861 modo
511 3803 721 3881 quest’Apuleio
743 3822 795 3880 per
813 3800 997 3877 distinguerlo
1016 3799 1074 3858 dal·

105 3893 247 3971 l'augure,
266 3894 312 3952 del
331 3896 413 3972 quale
432 3897 458 3952 ei
477 3897 554 3973 parla
573 3895 647 3953 nella
666 3895 818 3952 medesima
838 3892 942 3949 lettera.

68 3983 167 4041 allon
185 3989 202 4042 e
220 3987 265 4063 git
283 3987 336 4045 che
354 4001 454 4064 questo
479 3987 583 4046 dettato
606 3988 682 4046 fosse
705 3985 801 4045 scritto
818 3984 849 4041 in
867 3982 956 4041 lomna
974 3981 1004 4039 di
1023 3974 1073 4039 let·
