2648 4822
158 417 232 516 494
523 433 796 487 incontrionrc

623 642 703 704 DCi.

164 881 174 921 r
199 860 246 921 nd
266 860 394 921 muitum
416 856 496 919 diem
515 857 690 941 productus.

160 967 249 1028 asic
278 970 411 1051 rescripsi
442 977 564 1026 auctore
591 964 752 1046 schedio,
782 975 812 1025 ct
842 964 982 1027 Μαηιιὶίο
1015 969 1169 1030 suadente.

198 1074 300 1157 Vulgo
320 1088 432 1136 ventum
452 1089 496 1135 est
508 1087 613 1134 tarnem
628 1073 734 1133 Incidit
749 1070 869 1134 tandem
882 1093 984 1135 termo
996 1074 1039 1135 de
1055 1077 1169 1155 Quinto

199 1182 343 1244 Cicerone
363 1180 441 1262 filio,
460 1180 555 1242 muita
575 1202 593 1240 n
613 1199 675 1262 quo
696 1189 798 1240 contin
819 1178 997 1243 Ciceronem
1019 1181 1102 1243 dicta
1122 1204 1169 1243 rc·

198 1289 314 1354 screbat
332 1288 509 1372 Dolabeiln;
530 1309 576 1372 ep.
597 1287 741 1370 DLXIH,
764 1306 796 1348 αι

157 1398 177 1459 3
199 1379 332 1458 Cnesnrit
352 1399 383 1457 in
403 1395 553 1479 Hispanin

157 1505 300 1586 diieque
320 1515 420 1565 tamen
440 1503 562 1582 scribit,
593 1501 646 1563 sed
676 1501 744 1586 plus
768 1503 799 1562 in
817 1503 985 1585 suspicione
1004 1504 1166 1588 relinquit3

198 1621 234 1672 ut
252 1614 290 1672 tit
308 1609 457 1693 quaedam
477 1608 609 1683 ἶμφασκ,
625 1629 717 1691 quom
736 1607 979 1692 sigm'ficntiomm
998 1624 1091 1674 vocat
1111 1634 1166 1674 nn·

151 1742 155 1747 ·
198 1728 264 1779 otor
283 1716 329 1778 nd·
344 1716 473 1778 Heroon
494 1717 549 1797 IV,
568 1716 618 1778 53.
633 1718 740 1795 Quivis
752 1727 868 1800 tomen,
887 1717 961 1800 quid
982 1717 1061 1780 illud
1080 1732 1167 1802 cocci,

199 1844 379 1906 cognoscere
398 1828 507 1908 poten't
526 1844 562 1885 ex
583 1845 629 1908 ep.
651 1823 841 1904 CCCLXVI,
866 1845 890 1885 r.
915 1823 1042 1888 Connd.

157 1930 179 1994 5
198 1932 245 1993 De
265 1934 328 1993 eius
347 1935 457 2015 nuptiis
478 1952 546 1992 cum
567 1931 717 2015 (Porcia)
738 1932 857 1993 Catonis
876 1932 888 2015 (
899 1933 1069 2015 Vticensis)
1088 1934 1165 2018 filie

152 2072 154 2079 ·
199 2040 238 2102 de
257 2039 367 2124 quibus
386 2040 436 2101 illa
454 2039 656 2122 intelligenda:
678 2039 797 2101 Laboro
818 2038 899 2101 idem
917 2041 1002 2124 qnod
1021 2053 1070 2114 αις
1081 2044 1167 2104 scti-

151 2177 156 2186 ·
198 2158 259 2232 cet,
279 2159 315 2210 ut
327 2151 449 2232 nuptiae
463 2147 530 2210 illue
543 2146 625 2209 fiant
640 2147 752 2210 brasc
765 2147 842 2210 Vide
855 2146 1007 2210 Plutarch
1021 2151 1055 2210 in
1067 2151 1162 2213 Brun

197 2276 227 2338 p.
247 2253 322 2339 989,
348 2266 379 2316 ct
398 2255 513 2318 Cntonc
537 2255 609 2318 Min
630 2276 659 2339 p.
681 2276 757 2339 771,
783 2266 814 2316 et
834 2254 988 2316 Valerium
1008 2256 1093 2319 Μαι
1114 2257 1163 2320 lib.

198 2361 251 2443 lv,
271 2361 308 2444 6,
328 2363 357 2425 5.

152 2468 177 2532 6
195 2469 323 2532 Dimissa
343 2470 485 2550 Claudia,
504 2470 593 2554 Appii
612 2467 687 2550 filia,
707 2479 830 2554 propter
848 2490 941 2552 quam
961 2489 1057 2552 gener
1078 2474 1164 2557 Appii

195 2576 237 2637 M.
258 2579 368 2638 Brutus
390 2577 499 2637 dieitur
519 2580 550 2638 in
571 2599 617 2660 ep.
639 2577 773 2660 cxciv,
795 2597 823 2637 2.

156 2704 173 2763 7
195 2683 228 2744 Si
248 2685 322 2766 quid
342 2695 386 2744 cst
406 2687 435 2744 in
457 2684 584 2745 divortio
605 2684 747 2745 Claudiae
768 2685 953 2765 offensionis,
979 2685 1041 2746 hoc
1068 2693 1166 2749 sanari

195 2802 293 2872 potest
313 2795 336 2850 ti
357 2791 496 2851 Porciam
516 2813 639 2852 uxorem
660 2791 757 2852 ducat.
779 2791 896 2851 Scina.

155 2894 175 2957 8
195 2896 237 2956 Vt
257 2896 369 2957 fructus
391 2898 519 2958 reddent
539 2897 708 2980 uberiores3
729 2921 775 2981 ep.
795 2899 911 2959 Dcul:
944 2900 985 2960 Vc
1004 2904 1165 2964 constrinc-

195 3024 256 3064 tnm
276 3003 461 3066 inercednlas
480 3005 683 3087 praedicator.

154 3132 175 3194 9
196 3110 232 3171 Η.
254 3133 279 3170 e.
299 3111 416 3197 longius
437 3112 567 3173 abeundi
588 3114 701 3191 Roma,
722 3117 833 3194 inquo
854 3115 997 3195 suspicari
1017 3120 1166 3196 potuisset

195 3218 305 3278 Caesar
334 3240 368 3279 er
399 3218 540 3302 Hispania
566 3225 661 3281 victor
691 3239 861 3301 regressus,
893 3219 1074 3283 Ciceronem
1096 3225 1165 3285 data

194 3346 285 3407 opera
305 3325 422 3407 longius
443 3328 556 3406 abisso,
578 3349 615 3387 nc
637 3329 778 3388 victorem
799 3325 920 3387 videret

154 3453 193 3492 io
213 3431 319 3493 Forte:
351 3455 444 3516 qnam
475 3448 521 3512 tu,
552 3457 644 3516 picum
669 3437 865 3496 coniecturam
881 3435 1034 3514 succedas.
1059 3439 1164 3500 Lamb.

194 3539 288 3618 Quod
309 3539 418 3602 Schiitz
440 3540 540 3601 edidit.
