2648 4822
233 412 307 510 442
603 429 875 485 sunorsrronas

272 560 340 603 sum
357 548 471 621 ἄλκιμος
490 547 560 600 ἶσαι.
593 537 698 617 ltaque
728 556 765 595 eo
795 546 1005 617 transposuere
1032 537 1195 600 Victorius
1226 553 1259 602 et

272 651 428 710 Graevius.
450 646 511 706 Sed
531 643 651 704 videtur
669 643 741 704 huic
761 642 828 703 loco
850 647 955 727 aptior.
976 645 1090 707 batert.

231 759 253 822 6
272 760 486 840 Pompeianos,
507 776 576 814 eum
599 756 700 812 ironia.

232 868 341 951 psall.
362 885 510 949 proceres.
533 863 655 944 Aliquot
672 860 742 920 libri
764 860 843 921 idem
869 883 917 921 me
942 865 1132 940 consolatio,
1159 870 1257 951 nimi-¹

270 996 340 1037 rum
361 971 538 1052 Praecilius,
558 991 654 1052 quum
674 991 723 1030 me
748 968 804 1030 tibi
832 973 1016 1030 carissimum
1042 995 1107 1034 esse
1135 968 1254 1039 asserit.
1274 994 1321 1046 :ss

271 1081 333 1144 Sed
346 1101 407 1141 non
420 1079 532 1163 placet,
546 1099 642 1160 quum
655 1089 798 1160 sequatur
811 1078 920 1151 volam,
937 1080 1107 1162 loquuntur,
1122 1099 1253 1146 moretm
1312 1135 1315 1139 .

231 1191 252 1256 8
271 1190 450 1270 Lambinus,
471 1187 618 1271 probante
630 1188 783 1269 Manutio,
804 1175 888 1247 mani
897 1190 1010 1270 glanis,
1032 1190 1118 1271 quod
1135 1194 1167 1252 in
1180 1177 1273 1254 vul·v

269 1315 326 1377 gns
346 1297 426 1358 abiit.
448 1296 603 1356 Sehiitzius
623 1309 653 1355 et
671 1296 819 1356 leunsinem
841 1296 906 1355 iam
916 1309 1069 1379 perustum
1084 1299 1174 1359 inani
1184 1302 1252 1381 glo-

269 1408 326 1468 ria.
348 1406 510 1486 Sequimur
529 1404 698 1465 Victoriam
720 1414 749 1462 et
769 1402 863 1463 libros
884 1407 1016 1487 scriptos.

227 1515 337 1600 9Mss.
359 1526 389 1573 et
409 1512 476 1573 edd.
497 1511 598 1593 plures
625 1532 696 1570 cum
721 1511 827 1570 Lamb.
856 1512 920 1572 Sed
938 1534 985 1572 me
1011 1513 1132 1587 mirum,-
1161 1517 1251 1597 quod

267 1632 369 1682 tamen
389 1619 553 1700 elegantius
581 1617 827 1702 subintelligitur,
857 1630 942 1709 teste
957 1619 1155 1703 Ernestio,e
1181 1644 1250 1708 sup.

268 1748 316 1789 me
335 1728 535 1787 consolantur.

232 1856 268 1898 ro
288 1834 452 1896 Cumulum
474 1856 511 1894 ex
538 1832 797 1894 eommendatione
818 1856 895 1896 mea.
917 1836 1066 1897 Gruterus
1093 1858 1251 1901 mutaren-

267 1941 384 2004 dadoni
402 1963 499 2014 noeae,
521 1944 619 2001 minus
640 1953 736 2022 reete,
763 1963 835 2002 nam
861 1943 1018 2005 addideris
1046 1947 1107 2005 iam
1135 1946 1251 2009 habuit

266 2070 358 2112 suum
377 2050 630 2132 complementum
650 2051 682 2111 in
702 2068 767 2133 sup.
789 2050 835 2111 ad
853 2051 894 2112 id.

232 2180 264 2220 ιι
288 2159 341 2220 Ob
359 2161 547 2241 interpositos
568 2178 691 2240 graecos
711 2180 824 2221 versus.
845 2159 961 2221 Manto.

685 2402 779 2463 DLV.

232 2612 244 2652 1
266 2591 309 2652 Μ.
331 2590 443 2666 Crassi,
465 2610 483 2647 a
503 2588 621 2649 Parthis
635 2591 800 2668 interemti,
821 2586 934 2672 filium,
955 2610 1021 2670 epp.
1045 2589 1148 2672 CXX,
1173 2613 1192 2652 2
1216 2606 1247 2654 et

269 2698 415 2779 CXXXI,
437 2718 463 2757 2.

228 2824 247 2864 2
267 2803 445 2884 Legendum
466 2802 596 2862 arbitror
612 2801 747 2883 perbene.
770 2802 887 2863 Sebiitz.
913 2804 1031 2885 Optime
1053 2809 1112 2864 iam
1139 2808 1246 2870 edide-

268 2923 315 2973 rat
335 2910 507 2970 Lambinus.

227 3020 247 3079 3
267 3019 317 3079 sic
337 3020 417 3080 hune
437 3019 536 3077 locum
559 3020 671 3077 correxi
686 3021 825 3077 vitiosum
840 3021 870 3079 in
884 3042 938 3081 scr.
961 3032 991 3081 et
1011 3022 1079 3081 edd.
1101 3022 1244 3086 Primum

267 3147 324 3210 pro
343 3148 385 3187 erc
405 3147 439 3186 eo
460 3126 516 3185 feei
537 3124 574 3184 de
594 3147 645 3184 eo:
667 3147 736 3184 nam
757 3126 828 3186 bene
849 3149 969 3209 sperare
989 3151 1030 3188 ex
1052 3131 1159 3211 {aliquo
1181 3133 1243 3192 dici

266 3255 328 3295 non
347 3244 452 3316 potest
478 3232 594 3292 Deinde
623 3232 726 3303 delevi
744 3254 786 3294 ex
813 3248 880 3296 ante
908 3239 961 3307 iia·
984 3236 1067 3317 quod
1088 3248 1118 3295 et
1140 3241 1243 3320 ipsum

265 3361 327 3401 non
348 3343 416 3401 satis
435 3340 540 3424 placet.
562 3340 685 3401 Iudicia
706 3346 822 3423 cognita
843 3355 923 3425 sunt,
948 3365 1026 3423 quae
1041 3355 1152 3403 eventu
1168 3368 1242 3407 vera

265 3451 312 3511 vel
333 3450 405 3509 falsa
425 3452 632 3531 reperiuntur,
654 3450 706 3510 sed
728 3454 822 3533 magis
843 3455 873 3511 in
894 3451 1004 3511 bonam
1024 3462 1143 3533 partem
1167 3454 1245 3515 dici·

264 3567 330 3636 tur,
350 3568 385 3616 ut
404 3559 520 3617 amicus
534 3560 683 3638 cognitus,
699 3569 729 3618 et
742 3559 859 3619 similia.
881 3560 993 3620 Emest.
1016 3561 1079 3618 lam
1093 3573 1165 3620 ante
1179 3563 1243 3621 Er-

263 3667 392 3724 nestium
412 3663 544 3725 habebat
565 3666 728 3726 Lambinus
749 3667 787 3727 de
806 3688 850 3727 ro.

224 3771 245 3848 4
264 3771 347 3831 Bello
367 3771 521 3850 Parthico,
543 3773 577 3831 A.
600 3773 637 3834 V.
660 3774 692 3834 C.
715 3773 803 3833 DCC.
826 3775 987 3834 Historiam
1008 3775 1067 3836 late
1081 3776 1239 3840 Plutarch.

265 3880 296 3938 in
316 3878 422 3938 Crasso
443 3901 473 3961 p.
494 3877 571 3961 563;
591 3880 650 3940 Dio
671 3882 744 3963 XL,
766 3900 822 3963 273
843 3883 969 3965 Appian.
996 3886 1024 3942 in
1054 3883 1136 3944 Part.
1159 3890 1240 3949 eirea

265 3983 363 4068 med.;
384 3985 473 4047 Oros.
495 3986 553 4070 Vl,
580 3988 633 4070 13,
653 3989 761 4050 Florus
778 3991 839 4072 lll,
865 4010 917 4071 11,
939 3992 1005 4054 Val.
1026 3993 1106 4053 Max.
1131 3996 1160 4074 l,
1181 3995 1211 4056 6.
1295 3970 1302 3979 .
