2648 4822
185 406 251 477 166
517 423 686 472 errsroua
714 425 815 470 uuxv.
953 424 985 470 a.
1005 427 1036 469 r.
1056 427 1084 470 c.
1105 426 1151 482 :aa

179 548 215 603 et
240 532 297 603 vix
331 529 451 600 resisto
488 525 617 623 dolori,
653 524 749 624 quod
780 549 820 593 ca
853 550 908 593 me
941 522 1065 628 solatia
1093 528 1175 598 deti-

179 661 294 755 ciunt,
327 681 416 757 quae
449 654 589 751 ceteris,
622 677 771 751 quorum
802 650 884 720 milri
911 650 1070 749 exempla
1096 680 1176 752 pro-

178 811 301 886 pono,
337 781 440 856 simili
473 782 510 852 in
547 780 683 852 fortuna
710 803 782 849 non
809 777 1000 849 defuerunt.
1027 779 1119 850 Nam
1144 796 1178 850 et

179 911 223 1003 Q.
251 911 424 982 Maximus
440 912 467 1006 ⁶,
492 908 552 1008 qui
577 905 686 978 filium
711 904 946 1003 consularem,
972 903 1106 979 clarum
1131 907 1178 977 vi-

178 1063 274 1134 rum,
300 1049 335 1106 et
360 1036 493 1133 maguis
519 1032 621 1106 rebus
648 1030 768 1130 gestis,
794 1032 925 1128 amisit,
950 1045 987 1103 et
1009 1035 1049 1104 L.
1075 1031 1177 1104 Paul-

178 1161 233 1233 lus
252 1183 277 1260 7,
303 1163 362 1261 qui
389 1162 460 1233 duo
486 1175 619 1259 septem
647 1158 785 1256 diebus,
814 1172 850 1230 et
874 1159 1021 1231 vester⁸
1048 1158 1179 1254 Gallus,

180 1302 215 1359 et
241 1289 287 1358 Μ.
314 1289 424 1384 Cata,
453 1288 511 1386 qui
537 1313 673 1358 summo
700 1286 861 1383 ingenie,
889 1311 1023 1355 summa
1049 1286 1178 1355 virtute

180 1412 289 1482 lilium
315 1412 487 1511 perdidit,
503 1413 543 1482 iis
564 1412 778 1510 temporibus
798 1410 951 1506 fuerunt,
967 1425 1007 1481 ut
1023 1436 1084 1483 eos
1106 1425 1178 1482 tum

179 1539 336 1636 ipsorum
363 1538 511 1635 dignitas
539 1536 793 1633 consolaretur,
819 1549 893 1608 tum
920 1562 959 1607 ea
977 1554 1003 1634 9,
1027 1563 1177 1637 quame

179 1690 216 1735 re
243 1663 383 1762 publica
410 1663 720 1763 consequebantur.
754 1662 841 1735 Mihi
876 1677 1015 1760 autem,
1046 1665 1177 1735 arnissis

180 1791 394 1860 ornamentis
420 1791 477 1886 iis,
505 1816 592 1889 quae
618 1790 692 1887 ipse
719 1814 990 1886 commemoras,
1021 1816 1178 1890 quaeque

180 1941 275 1987 eram
303 1917 461 1989 maximis
486 1914 664 1989 laboribus
690 1915 856 2013 adeptus,
882 1940 989 1986 unum
1016 1915 1179 1987 manebat

180 2041 267 2113 illud
294 2041 474 2139 solatium,
500 2041 596 2143 quod
621 2056 781 2140 ereptum
804 2055 866 2112 est
883 2041 964 2117 Nou
988 2043 1179 2115 amicorum

180 2169 348 2267 negotiis,
372 2193 443 2239 non
470 2169 520 2239 rei
545 2167 706 2267 publicae
731 2169 977 2266 procuratione
1008 2169 1178 2268 impedie-

178 2291 309 2367 bantur
335 2294 565 2392 cogitationes
591 2320 711 2391 meae,
738 2292 826 2364 nihil
850 2295 886 2364 in
912 2293 988 2366 foro
1014 2321 1116 2391 agere
1140 2295 1178 2365 li·

178 2419 286 2493 bebat
306 2439 353 2520 ¹⁰3
379 2421 558 2521 adspicere
584 2421 718 2492 curiam
743 2445 816 2493 non
849 2433 1030 2518 poteram,
1064 2421 1179 2491 existi·

178 2547 342 2646 mabam,
367 2549 403 2618 id
430 2548 646 2649 quoderat,
682 2572 805 2618 omnes
834 2571 891 2617 me
923 2560 959 2617 et
989 2545 1179 2619 industriae

178 2699 277 2753 meae
304 2673 453 2770 fructus,
479 2688 514 2746 et
539 2674 698 2745 fortunae
724 2671 926 2772 perdidisse.
954 2671 1040 2771 Sed,
1072 2700 1178 2773 quum

180 2799 392 2896 cogitarem,
416 2798 502 2870 lraec
530 2799 613 2870 milri
640 2814 774 2896 tecum,
802 2813 942 2871 etcum
968 2799 1179 2898 quibusdam

179 2945 255 2993 esse
280 2925 495 3019 communia,
521 2940 556 2996 et
582 2953 688 3025 quum
716 2928 908 3024 frangerem
934 2928 1004 2996 iam
1021 2928 1097 3025 ipse
1114 2953 1178 3022 me,

179 3070 407 3148 cogeremque
443 3051 501 3122 illa
533 3052 619 3124 ferre
651 3052 860 3124 toleranter:
897 3052 1071 3124 habebam
1109 3078 1177 3152 quo

180 3171 418 3272 confugerem,
443 3176 500 3246 ubi
529 3180 828 3278 conquiescerem,
850 3179 947 3250 cuius
965 3181 1000 3248 in
1018 3204 1178 3250 sermone

180 3310 216 3366 ct
240 3300 412 3371 suavitate
438 3327 559 3374 omues
581 3330 680 3376 curas
714 3304 921 3405 doloresque
956 3303 1177 3403 deponerem.

180 3421 281 3503 Nunc
309 3439 451 3522 autem,
472 3427 539 3503 hoo
567 3444 637 3502 tam
663 3431 759 3526 gravi
786 3429 944 3525 vulnere,
973 3431 1079 3501 etiam
1106 3429 1177 3524 illa,

181 3574 269 3644 quae
295 3555 518 3631 consanuisse
533 3572 558 3604 ¹¹
579 3556 803 3653 videbantur,
821 3556 1080 3630 recrudescunt.
1099 3556 1132 3628 N
1135 3581 1178 3628 on

90 3707 96 3713 ·
180 3674 290 3770 enim,
323 3691 361 3747 ut
387 3692 461 3749 tum
488 3708 542 3754 rue
569 3709 587 3752 a
614 3682 816 3781 republica
851 3697 1024 3754 moestum
1052 3681 1178 3753 domus

180 3801 393 3901 excipiebat,
416 3833 504 3905 qnae
530 3806 678 3905 levaret,
696 3810 745 3881 sic
763 3835 857 3880 nune
884 3809 991 3880 domo
1018 3834 1177 3880 nroerous

180 3926 225 3996 ad
252 3954 322 4000 reru
350 3929 524 4029 publicam
551 3936 736 4033 confugere
770 3962 935 4036 possum,
969 3949 1008 4006 nt
1041 3936 1077 4005 in
1104 3935 1177 4004 cius
