2648 4822
133 451 228 545 524
523 462 796 519 tunortrrorae

151 570 348 656 lisignificat
367 569 460 632 libem
473 569 562 631 Gellii
583 570 657 632 Cani
677 570 743 656 (ep.
763 567 878 651 uxot,
898 569 954 650 4),
976 567 1018 631 de
1041 591 1174 654 quenu-

191 683 258 767 ptui
278 677 378 743 danda
399 680 439 759 Q.
459 676 597 739 Ciceroni
616 674 678 738 filio
704 678 804 738 neseio
830 675 906 759 quid
932 688 1042 740 acuam
1070 678 1177 743 unae

57 856 60 868 ¹
192 790 312 851 Bost‘us.

152 915 171 978 7
192 896 236 957 Vt
254 894 390 978 plaeerer
402 895 430 953 ei
443 912 564 974 revere,
578 911 640 952 non
654 890 799 952 simulate.
820 892 1002 953 Nasuam
1016 895 1103 954 enim
1117 893 1178 955 (lis-

193 1002 366 1063 oordiarum
387 1002 487 1082 opinio
504 997 593 1062 valde
613 999 654 1062 illi
675 1000 715 1061 ad
735 1018 863 1063 uxorem
883 1001 1102 1063 inveniendam
1122 1002 1177 1062 ob·

194 1120 278 1170 esset.
300 1105 417 1171 Manui.

151 1215 172 1280 8
192 1219 240 1278 De
260 1219 376 1295 Quinto
397 1214 459 1275 filio
480 1236 498 1274 e
518 1212 606 1275 nobie
626 1235 687 1274 non
708 1213 813 1274 alieno.
834 1212 932 1274 Idem

151 1345 173 1408 9
193 1326 275 1402 Quin
296 1324 428 1409 placatos
448 1324 564 1400 Quinto
585 1321 647 1382 silio
667 1343 722 1382 nos
742 1320 950 1403 praebeamus.
972 1322 1076 1385 Idem

156 1452 193 1493 ιο
213 1434 272 1493 Nisi
301 1431 419 1514 aliquis·
433 1442 618 1493 commeatus
640 1452 658 1490 a
679 1440 709 1491 te
729 1432 859 1508 venerit,
886 1433 940 1491 nisi
966 1442 1042 1492 tuae
1070 1431 1175 1495 literae

191 1539 266 1600 mibi
286 1550 489 1599 commeatum
509 1536 640 1598 fecerint.
666 1535 854 1597 commeatus
877 1536 1024 1619 signifieat
1045 1544 1176 1622 permis·

193 1648 307 1707 sionem
328 1666 364 1705 ac
383 1648 504 1706 veniam
525 1643 617 1705 domo
644 1644 791 1723 abeundi,
816 1656 870 1705 aut
896 1666 1025 1728 peregre
1053 1647 1177 1730 proiici-

192 1752 309 1834 eeendi‚
331 1765 385 1815 aut
404 1751 516 1814 diutius
538 1755 578 1830 (si
599 1752 750 1834 profectus
771 1753 862 1813 fueris
877 1752 988 1835 domo)
1002 1756 1175 1817 emanendi.

193 1862 243 1923 Sic
259 1836 364 1921 vocem
386 1859 521 1921 defendit
541 1871 572 1920 et
592 1860 732 1942 explanat
756 1861 904 1922 Graevius
924 1861 1054 1922 laudans
1068 1865 1176 1924 Sveto-

192 1971 276 2030 nium
297 1971 329 2029 iu
350 1968 420 2029 Tib.
447 1989 483 2028 ro
504 1979 535 2029 et
561 1988 613 2047 12,
636 1979 667 2029 et
687 1970 718 2028 in
740 1968 844 2029 Claud.
866 1969 921 2052 23,
941 1969 1096 2052 probante
1114 1972 1175 2031 Er-

191 2080 304 2160 nestio3
325 2087 391 2137 tum
411 2079 618 2160 prosequitur:
648 2075 714 2136 Hoc
740 2080 837 2159 ipsum
859 2098 982 2158 quoque
1002 2079 1102 2140 voluit
1123 2082 1175 2163 Gi·

194 2207 279 2247 oero:
301 2186 389 2264 Cras,
410 2187 520 2267 inquit,
548 2185 588 2246 ad
611 2196 642 2246 te
663 2188 795 2265 veniam,
821 2187 874 2245 nisi
899 2185 971 2245 mihi
998 2191 1174 2271 scripseris,

192 2315 243 2356 me
255 2292 391 2354 nondum
413 2292 592 2378 desiderari,
611 2292 701 2354 licere
721 2293 795 2353 mibi
816 2292 929 2354 diutius
949 2293 1067 2356 obesse.
1091 2297 1173 2359 Olim

64 2416 66 2418 ’
191 2415 371 2479 commones,
392 2422 447 2484 pro
469 2423 530 2483 quo
555 2401 718 2484 legendum
743 2400 919 2462 coniioiebat
944 2403 1066 2485 Lipsius
1087 2425 1175 2465 com·

191 2511 334 2581 nwnitus,
356 2508 403 2569 vel
424 2509 548 2570 fortasse
569 2510 675 2570 melius
696 2509 894 2590 ablegandum
915 2530 979 2570 esse
1001 2532 1112 2573 vocem
1135 2513 1176 2576 ad

192 2619 371 2700 principium
393 2618 534 2699 epistolae
553 2619 679 2701 Demi,
700 2640 778 2700 quae
799 2621 829 2677 in
850 2617 978 2698 vulgatis
995 2618 1081 2681 libris
1094 2621 1176 2683 hano

193 2724 365 2784 immediate
397 2727 552 2806 sequitur,
579 2725 638 2785 hoe
670 2725 783 2785 modo:
815 2723 987 2786 Commotus
1014 2729 1093 2788 verrit
1124 2730 1177 2791 ille

192 2828 313 2889 adme.

578 3046 744 3109 DCXXVI.

157 3279 169 3319 r
192 3257 366 3340 Ludorum,
386 3277 463 3339 quos
483 3272 617 3341 spectare
638 3261 733 3321 solent
746 3261 882 3322 homines
896 3264 952 3340 ita,
973 3272 1008 3322 ut
1023 3285 1088 3324 non
1103 3288 1177 3350 pos-

194 3369 252 3427 sint
276 3366 421 3427 scribere:
448 3377 479 3427 et
499 3379 532 3427 tu
553 3367 676 3429 fortasse
704 3391 775 3429 cum
796 3372 893 3431 Attica
918 3371 1097 3457 spectabas3
1128 3397 1177 3460 ep.

193 3494 253 3555 seq.
275 3475 304 3534 3.
329 3472 455 3535 Corrad.

153 3600 172 3641 α
192 3581 266 3642 Post
280 3582 382 3661 ludos,
401 3581 448 3642 vel
461 3585 562 3665 potius
575 3603 610 3642 ex
625 3582 718 3660 ludis,
734 3584 845 3665 quibus
859 3587 1010 3645 intereras.
1025 3587 1075 3647 De
1091 3588 1179 3653 hisee

191 3688 270 3749 ludis
290 3690 392 3751 scribit
413 3690 571 3753 Suetonius
586 3693 617 3750 in
632 3692 685 3752 lul.
707 3713 732 3752 e.
750 3691 790 3771 76
804 3705 835 3753 et
847 3694 906 3753 Dio
919 3691 970 3754 lib.
986 3694 1109 3780 XL111,
1130 3702 1178 3778 14.

197 3795 323 3860 Corrad.
