2648 4822
600 423 768 474 rrrsrom
793 423 886 473 onxr.
1022 419 1054 472 a„
1071 422 1106 473 v.
1123 424 1154 472 c.
1171 416 1218 484 ‚st

605 679 609 687 ‘
681 649 810 727 DLXL
980 688 1223 752 (austerum)

250 839 468 915 Argentoratum.
493 850 504 890 ι
528 829 591 891 Cur
610 831 642 891 in
662 836 858 889 monumento
875 822 994 886 Tulliae
1014 822 1144 907 sepulcri
1165 826 1246 885 simi·

254 1017 257 1025 Ι
287 940 445 1004 litudinem
465 935 599 1019 effugere
619 936 706 1008 velit,
726 933 875 1010 ostendit3
903 953 922 992 2
941 931 1070 992 Brutum
1090 929 1246 1014 obiurgari

287 1047 370 1120 vult,
390 1042 472 1127 quod
490 1046 521 1105 in
536 1043 674 1104 Cumano
694 1062 757 1104 esse
776 1040 922 1113 noluerit3
944 1037 962 1099 3
984 1037 1136 1103 Cluatium
1150 1035 1248 1100 archi·

286 1163 399 1215 tectum
420 1152 522 1212 exacui
545 1147 618 1208 vult.

372 1376 426 1428 Sor.
444 1374 471 1425 in
491 1370 587 1424 turini
606 1373 637 1423 ll.
656 1368 688 1422 V.
706 1368 735 1423 C.
756 1367 907 1435 DCCVlll‚
925 1386 1011 1421 mense
1030 1368 1119 1439 Aprili.

556 1567 700 1632 CICERO
725 1566 876 1632 ATTICO
901 1567 932 1632 S.

300 1811 312 1857 1
342 1783 479 1856 Fanum
512 1782 588 1854 lieri
620 1778 721 1878 r0103
759 1805 874 1882 neque
911 1779 982 1856 hoc
1014 1779 1101 1854 mihi
1137 1781 1242 1855 erui¹

244 1922 382 2011 potest:
419 1907 570 2007 sepulcri
603 1905 868 1981 similitudinem
899 1905 1049 2006 effugere
1074 1932 1149 1981 non
1174 1922 1246 1981 tam

243 2049 389 2136 propter
413 2059 568 2134 poenam
599 2031 685 2132 legis
719 2032 845 2107 studeo
855 2088 867 2133 ,
903 2059 1007 2135 quam
1033 2048 1073 2106 ut
1097 2038 1246 2107 maxime

241 2185 406 2262 assequar
428 2167 611 2232 ἀποθέωσιν.
640 2159 749 2252 Quod
774 2171 950 2260 poteram,
967 2162 997 2235 si
1018 2161 1056 2233 in
1080 2161 1159 2261 ipsa
1183 2160 1246 2236 vil·

239 2285 307 2361 la²
332 2285 501 2359 lacerem:
536 2285 600 2359 sed
611 2341 622 2386 ‚
651 2300 691 2358 ut
716 2310 821 2387 saepe
846 2285 955 2359 locuti
981 2311 1100 2360 sumus
1112 2342 1123 2386 ‚
1149 2311 1247 2361 com·

238 2413 451 2487 mutationes
489 2411 716 2486 dominorum
748 2411 948 2486 reformido.
979 2413 1022 2484 Iu
1055 2437 1139 2512 agro
1166 2413 1245 2485 ubi·

240 2520 390 2641 cumque
428 2540 542 2612 fecero
555 2594 565 2637 ,
602 2537 690 2611 mihi
728 2536 851 2613 videor
883 2537 1019 2640 assequi
1051 2564 1173 2639 posse,
1205 2552 1245 2610 ut

239 2642 426 2766 posteritas
451 2664 581 2738 habeat
604 2663 818 2763 religionem.
853 2665 929 2738 Hae
956 2690 1054 2738 meae
1079 2664 1145 2737 tibi
1170 2666 1245 2737 ine·

239 2790 334 2887 ptiac
360 2789 497 2878 (fateor
522 2790 639 2877 enim)
665 2789 828 2863 ferendae
854 2803 945 2863 sunt.
972 2789 1087 2864 Νοιι3
1112 2789 1246 2888 habeo,

238 2937 284 2985 ne
308 2939 364 2986 me
390 2913 533 3015 quidem
558 2918 696 3016 ipsum,
713 2918 855 3016 quicum
873 2930 946 2989 tam
964 2915 1132 2990 audacter
1152 2942 1246 2991 com-

238 3039 435 3139 municem,
472 3067 577 3143 quam
602 3042 716 3114 te.'Si
743 3043 806 3114 tibi
833 3068 909 3141 res,
941 3043 971 3114 si
995 3041 1113 3139 loeus,
1137 3041 1167 3114 si
1190 3043 1245 3113 in-

239 3164 436 3238 stitutumt
462 3166 595 3266 placet,
620 3167 711 3267 lege,
737 3194 886 3269 quaese,
910 3167 1022 3266 legem
1039 3169 1066 3266 ⁵,
1090 3165 1244 3268 mihique

236 3315 314 3364 eam
339 3294 448 3365 mitte.
476 3293 511 3365 Si
538 3295 624 3395 quid
648 3296 686 3366 in
711 3308 865 3367 mentem
892 3295 1030 3393 veniet,
1046 3317 1117 3395 quo
1135 3292 1243 3366 modo

236 3440 313 3489 eam
339 3418 491 3518 effugere
518 3422 714 3520 possimus,
740 3435 890 3493 utemur.

289 3568 310 3613 2
336 3543 394 3616 Ad
419 3545 568 3618 Brutum
594 3548 623 3618 si
649 3546 735 3646 quid
760 3546 908 3644 scribes,
923 3545 992 3618 nisi
1013 3544 1165 3617 alienum
1181 3568 1244 3642 pu·
1315 3608 1318 3613 .

238 3664 349 3763 tabis,
375 3668 559 3767 obiurgato
586 3698 680 3769 eum,
706 3671 804 3771 quod
830 3673 866 3744 in
892 3674 1052 3743 Cumano
1078 3693 1153 3741 esse
1178 3692 1244 3739 no·

236 3788 339 3864 luerit
375 3809 524 3894 propter
556 3823 632 3868 eam
667 3823 831 3894 causam,
870 3824 974 3898 quam
1010 3795 1075 3867 tibi
1113 3794 1202 3865 dixit
1218 3796 1242 3864 ⁶.

237 3916 417 4014 Cogitanti
442 3923 536 3994 enim
561 3921 665 4020 mihi,
702 3922 788 3996 nihil
824 3937 894 3996 tam
921 3922 1061 3996 ridetur
1085 3920 1242 4019 potuisse

240 4038 352 4116 facere
377 4048 514 4119 rustice.
