2648 4822
396 430 443 504 52
741 451 909 500 snisaom
940 452 1071 500 oxxvu.
1172 448 1301 500 ηε.

396 569 433 626 et
457 553 571 626 omnis
598 553 796 651 vetustatis,
813 577 857 623 ne
882 553 957 651 ipse
983 550 1124 652 quidem
1145 550 1262 651 rudis,
1278 576 1317 625 se

397 678 513 750 studio
538 679 651 751 minus
677 675 842 775 sortasse,
866 703 971 777 quam
999 675 1139 773 vellem,
1164 690 1201 748 at
1226 678 1264 749 in
1314 713 1324 743 ι

397 817 501 903 atque
534 828 601 874 usu
634 802 712 901 plus
746 803 873 900 etiam,
907 828 1012 902 quam
1038 800 1184 899 vellem,
1214 825 1314 875 versa

398 927 574 1027 spondeo,
606 928 667 1000 tibi
692 929 795 1001 istam
822 927 1046 1000 acerbitatem
1072 940 1108 997 ct
1131 926 1295 999 iniuriam

399 1052 599 1124 diuturnam
619 1052 645 1117 ¹4
673 1054 754 1124 sore.
782 1052 873 1124 Nam
899 1067 935 1124 et
959 1055 1033 1151 ipse
1054 1055 1093 1149 ¹⁵,
1120 1053 1180 1152 qui
1204 1051 1266 1152 plu
1288 1053 1296 1068 ⁰

398 1193 531 1279 potest,
556 1178 712 1278 quotidie
737 1177 821 1248 mihi
848 1176 961 1249 delabi
988 1177 1033 1249 ad
1059 1179 1273 1278 aequitatem
1297 1202 1316 1249 e

399 1331 514 1379 rerum
539 1318 699 1376 naturam
715 1306 746 1353 ¹⁶
763 1301 919 1401 videtum
944 1315 980 1374 et
1003 1304 1079 1401 ipsa
1105 1328 1208 1374 causa
1223 1317 1253 1366 ¹⁷
1271 1325 1313 1373 ea

398 1443 440 1503 ut
463 1430 532 1499 iam
558 1429 659 1501 simul
685 1455 765 1501 cum
791 1455 827 1500 re
854 1428 1008 1527 publica,
1026 1454 1114 1528 quae
1131 1428 1168 1498 in
1184 1440 1312 1526 perpet

399 1557 520 1627 iacere.
537 1579 610 1626 non
635 1567 771 1653 potest,
795 1554 991 1626 necessario
1018 1554 1203 1626 reviviscat
1225 1565 1324 1653 atqu

273 1742 277 1749 .
336 1708 339 1713 ·
402 1691 556 1777 creetur3
591 1679 815 1779 quotidieque
848 1677 978 1781 aliquid
1008 1680 1048 1750 fit
1072 1676 1183 1750 lenius
1208 1691 1245 1749 ct
1270 1676 1320 1749 lib

402 1803 478 1899 lius,
495 1830 599 1903 quam
616 1803 831 1877 timebamus.
845 1807 945 1898 Quae
962 1805 1127 1906 quoniam
1143 1805 1180 1874 in
1198 1817 1319 1902 tempo

401 1928 684 2001 inclinationibus
717 1957 820 2029 saepe
850 1932 967 2030 parvis
1001 1931 1114 2029 posita
1140 1941 1246 2001 sunt:
1280 1953 1319 2000 ou

402 2067 580 2127 momenta
606 2053 866 2127 observabimus
874 2083 885 2154 3
909 2080 1022 2155 neque
1047 2052 1157 2125 ullum
1181 2065 1321 2153 praeter

404 2195 517 2253 temus
542 2182 594 2251 tui
617 2180 761 2254 iuvandi
787 2195 823 2252 et
845 2180 993 2253 levandi
1010 2180 1136 2253 locum.
1163 2180 1288 2280 Itaque
1314 2178 1321 2193 '

404 2306 574 2403 alterum,
612 2305 708 2406 quod
744 2307 844 2403 dixi,
879 2305 1055 2378 literarum
1090 2330 1197 2404 genus
1215 2305 1256 2403 ¹⁸,

407 2431 463 2503 die
490 2430 591 2531 mihi,
616 2446 655 2504 ut
680 2457 802 2531 spero,
817 2433 879 2504 fiet
895 2432 1101 2532 proclivius,
1124 2444 1165 2503 ut
1188 2431 1296 2503 etiam

404 2557 501 2630 liceri
526 2560 667 2656 possim.
693 2557 737 2629 Id
760 2583 816 2655 re,
850 2584 955 2658 quam
980 2557 1112 2655 verbis,
1139 2556 1262 2629 faciam
1302 2557 1324 2617 ἰ

407 2683 483 2751 tius.
517 2680 573 2753 Tu
606 2681 711 2754 velim
751 2683 948 2782 existimes,
980 2698 1016 2754 et
1047 2683 1163 2782 plures
1200 2695 1236 2754 te
1268 2707 1318 2754 aa·

406 2806 558 2905 habere,
595 2832 699 2906 quam
732 2808 792 2906 qui
823 2810 860 2879 in
889 2810 956 2882 isto
982 2834 1063 2882 casu
1089 2809 1223 2880 sintae
1249 2806 1306 2880 sue

408 2944 577 3031 quantum
603 2931 742 3031 quidem
763 2949 793 2997 ι9
819 2959 882 3030 ego
914 2934 1104 3032 intelligere
1136 2934 1313 3033 potuerim

408 3082 464 3127 me
489 3056 680 3129 concedere
707 3084 827 3130 eorum
851 3061 991 3132 nemini.
1009 3061 1151 3132 Fortem
1167 3058 1221 3131 fac
1244 3060 1301 3131 ani

408 3181 537 3254 habeas
562 3197 598 3254 et
622 3210 803 3283 magnum3
829 3185 923 3285 quod
950 3187 1063 3259 estin
1088 3209 1159 3256 uno
1185 3199 1220 3255 te
1236 3201 1277 3256 ²⁰.
1308 3194 1324 3260 Ι.

408 3320 490 3378 sunt
514 3308 551 3381 in
575 3307 730 3406 fortuna,
755 3310 969 3410 tempon'bus
994 3324 1171 3409 regentur,
1188 3324 1224 3383 ct
1246 3336 1316 3383 con

408 3434 534 3506 nostris
560 3434 843 3534 providebuntur.
