<?xml version="1.0" encoding="UTF-8"?>
<!DOCTYPE html PUBLIC "-//W3C//DTD XHTML 1.0 Transitional//EN"
    "http://www.w3.org/TR/xhtml1/DTD/xhtml1-transitional.dtd">
<html xmlns="http://www.w3.org/1999/xhtml" xml:lang="en" lang="en">
 <head>
  <title>
</title>
<meta http-equiv="Content-Type" content="text/html;charset=utf-8" />
  <meta name='ocr-system' content='tesseract 3.04.00' />
  <meta name='ocr-capabilities' content='ocr_page ocr_carea ocr_par ocr_line ocrx_word'/>
</head>
<body>
  <div class='ocr_page' id='page_1' title='image "./mtulliiciceroni11cicegoog/mtulliiciceroni11cicegoog_0369.png"; bbox 0 0 2648 4822; ppageno 0'>
   <div class='ocr_carea' id='block_1_1' title="bbox 210 388 1221 1122">
    <p class='ocr_par' dir='ltr' id='par_1_1' title="bbox 210 388 1221 1122">
     <span class='ocr_line' id='line_1_1' title="bbox 213 388 1195 471; baseline -0.013 -2"><span class='ocrx_word' id='word_1_1' title='bbox 213 388 287 469; x_wconf 75' lang='lat'><strong>³60</strong></span> <span class='ocrx_word' id='word_1_2' title='bbox 551 408 725 461; x_wconf 75' lang='lat' dir='ltr'><strong>unionum</strong></span> <span class='ocrx_word' id='word_1_3' title='bbox 749 409 848 459; x_wconf 79' lang='lat' dir='ltr'><strong>nexu.</strong></span> <span class='ocrx_word' id='word_1_4' title='bbox 998 405 1030 456; x_wconf 77' lang='lat' dir='ltr'><strong>n.</strong></span> <span class='ocrx_word' id='word_1_5' title='bbox 1044 408 1079 459; x_wconf 85' lang='lat' dir='ltr'><strong>v.</strong></span> <span class='ocrx_word' id='word_1_6' title='bbox 1097 407 1127 456; x_wconf 85' lang='lat' dir='ltr'><strong>o.</strong></span> <span class='ocrx_word' id='word_1_7' title='bbox 1145 404 1195 471; x_wconf 67' lang='lat' dir='ltr'><strong>‚a</strong></span> 
     </span>
     <span class='ocr_line' id='line_1_2' title="bbox 212 508 1221 619; baseline -0.009 -27"><span class='ocrx_word' id='word_1_8' title='bbox 212 541 323 619; x_wconf 83' lang='lat' dir='ltr'><strong>eoque</strong></span> <span class='ocrx_word' id='word_1_9' title='bbox 350 528 384 588; x_wconf 87' lang='lat' dir='ltr'><strong>te</strong></span> <span class='ocrx_word' id='word_1_10' title='bbox 409 513 461 586; x_wconf 91' lang='lat' dir='ltr'><strong>uti</strong></span> <span class='ocrx_word' id='word_1_11' title='bbox 487 511 587 587; x_wconf 81' lang='lat' dir='ltr'><strong>facile</strong></span> <span class='ocrx_word' id='word_1_12' title='bbox 613 514 747 614; x_wconf 88' lang='lat' dir='ltr'><strong>patior,</strong></span> <span class='ocrx_word' id='word_1_13' title='bbox 772 536 881 612; x_wconf 88' lang='lat' dir='ltr'><strong>quum</strong></span> <span class='ocrx_word' id='word_1_14' title='bbox 907 508 1003 611; x_wconf 84' lang='lat' dir='ltr'><strong>opud</strong></span> <span class='ocrx_word' id='word_1_15' title='bbox 1020 508 1127 609; x_wconf 79' lang='lat' dir='ltr'><strong>alios,</strong></span> <span class='ocrx_word' id='word_1_16' title='bbox 1142 523 1221 584; x_wconf 91' lang='lat' dir='ltr'><strong>tum</strong></span> 
     </span>
     <span class='ocr_line' id='line_1_3' title="bbox 210 637 1220 741; baseline -0.009 -23"><span class='ocrx_word' id='word_1_17' title='bbox 210 640 410 717; x_wconf 83' lang='lat' dir='ltr'><strong>mehercule</strong></span> <span class='ocrx_word' id='word_1_18' title='bbox 435 639 533 741; x_wconf 85' lang='lat' dir='ltr'><strong>opud</strong></span> <span class='ocrx_word' id='word_1_19' title='bbox 555 638 742 740; x_wconf 76' lang='lat' dir='ltr'><strong>Syrouem,</strong></span> <span class='ocrx_word' id='word_1_20' title='bbox 758 651 919 712; x_wconf 83' lang='lat' dir='ltr'><strong>nostrum</strong></span> <span class='ocrx_word' id='word_1_21' title='bbox 936 637 1096 709; x_wconf 81' lang='lat' dir='ltr'><strong>amicum.</strong></span> <span class='ocrx_word' id='word_1_22' title='bbox 1114 637 1220 728; x_wconf 85' lang='lat' dir='ltr'><strong>Quae</strong></span> 
     </span>
     <span class='ocr_line' id='line_1_4' title="bbox 211 762 1221 865; baseline -0.006 -25"><span class='ocrx_word' id='word_1_23' title='bbox 211 768 307 859; x_wconf 83' lang='lat' dir='ltr'><strong>enim</strong></span> <span class='ocrx_word' id='word_1_24' title='bbox 331 766 495 865; x_wconf 84' lang='lat' dir='ltr'><strong>socimus,</strong></span> <span class='ocrx_word' id='word_1_25' title='bbox 519 782 591 839; x_wconf 75' lang='lat' dir='ltr'><strong>eoo</strong></span> <span class='ocrx_word' id='word_1_26' title='bbox 615 763 890 865; x_wconf 79' lang='lat' dir='ltr'><strong>pnidcntissimo</strong></span> <span class='ocrx_word' id='word_1_27' title='bbox 915 763 1041 865; x_wconf 81' lang='lat' dir='ltr'><strong>cuique</strong></span> <span class='ocrx_word' id='word_1_28' title='bbox 1065 762 1221 835; x_wconf 83' lang='lat' dir='ltr'><strong>maxime</strong></span> 
     </span>
     <span class='ocr_line' id='line_1_5' title="bbox 210 887 1220 997; baseline -0.008 -28"><span class='ocrx_word' id='word_1_29' title='bbox 210 891 362 997; x_wconf 78' lang='lat' dir='ltr'><strong>probatu</strong></span> <span class='ocrx_word' id='word_1_30' title='bbox 399 917 475 968; x_wconf 79' lang='lat' dir='ltr'><strong>esse</strong></span> <span class='ocrx_word' id='word_1_31' title='bbox 512 889 685 968; x_wconf 86' lang='lat' dir='ltr'><strong>volumus.</strong></span> <span class='ocrx_word' id='word_1_32' title='bbox 723 890 777 965; x_wconf 89' lang='lat' dir='ltr'><strong>Te</strong></span> <span class='ocrx_word' id='word_1_33' title='bbox 813 890 919 991; x_wconf 89' lang='lat' dir='ltr'><strong>cupio</strong></span> <span class='ocrx_word' id='word_1_34' title='bbox 956 887 1077 964; x_wconf 83' lang='lat' dir='ltr'><strong>videre</strong></span> <span class='ocrx_word' id='word_1_35' title='bbox 1111 913 1220 991; x_wconf 80' lang='lat' dir='ltr'><strong>quam</strong></span> 
     </span>
     <span class='ocr_line' id='line_1_6' title="bbox 210 1044 376 1122; baseline -0.03 -26"><span class='ocrx_word' id='word_1_36' title='bbox 210 1044 376 1122; x_wconf 79' lang='lat' dir='ltr'><strong>ptumum.</strong></span> 
     </span>
    </p>
   </div>
   <div class='ocr_carea' id='block_1_2' title="bbox 627 1264 1196 1366">
    <p class='ocr_par' dir='ltr' id='par_1_2' title="bbox 627 1264 1196 1366">
     <span class='ocr_line' id='line_1_7' title="bbox 627 1264 1196 1366; baseline -0.002 -15"><span class='ocrx_word' id='word_1_37' title='bbox 627 1264 787 1341; x_wconf 63' lang='lat' dir='ltr'>DCXU»</span> <span class='ocrx_word' id='word_1_38' title='bbox 933 1306 986 1364; x_wconf 75' lang='lat' dir='ltr'><strong>(iu</strong></span> <span class='ocrx_word' id='word_1_39' title='bbox 1001 1305 1056 1351; x_wconf 73' lang='lat' dir='ltr'><strong>nn.</strong></span> <span class='ocrx_word' id='word_1_40' title='bbox 1072 1304 1134 1364; x_wconf 82' lang='lat' dir='ltr'><strong>xo,</strong></span> <span class='ocrx_word' id='word_1_41' title='bbox 1151 1305 1196 1366; x_wconf 63' lang='grc' dir='ltr'><strong>η)</strong></span> 
     </span>
    </p>
   </div>
   <div class='ocr_carea' id='block_1_3' title="bbox 211 1441 1221 1827">
    <p class='ocr_par' dir='ltr' id='par_1_3' title="bbox 211 1441 1221 1827">
     <span class='ocr_line' id='line_1_8' title="bbox 211 1441 1221 1529; baseline -0.006 -19"><span class='ocrx_word' id='word_1_42' title='bbox 211 1452 433 1529; x_wconf 66' lang='lat' dir='ltr'><strong>Argumentum.</strong></span> <span class='ocrx_word' id='word_1_43' title='bbox 458 1465 470 1507; x_wconf 85' lang='lat'>1</span> <span class='ocrx_word' id='word_1_44' title='bbox 492 1445 541 1508; x_wconf 88' lang='lat' dir='ltr'><strong>De</strong></span> <span class='ocrx_word' id='word_1_45' title='bbox 560 1444 688 1527; x_wconf 73' lang='lat' dir='ltr'><strong>Syriuco</strong></span> <span class='ocrx_word' id='word_1_46' title='bbox 707 1442 842 1506; x_wconf 83' lang='lat' dir='ltr'><strong>tumultu</strong></span> <span class='ocrx_word' id='word_1_47' title='bbox 862 1453 893 1504; x_wconf 93' lang='lat' dir='ltr'><strong>et</strong></span> <span class='ocrx_word' id='word_1_48' title='bbox 911 1441 1031 1504; x_wconf 78' lang='lat' dir='ltr'><strong>urbano</strong></span> <span class='ocrx_word' id='word_1_49' title='bbox 1053 1444 1135 1514; x_wconf 84' lang='lat' dir='ltr'><strong>otio,</strong></span> <span class='ocrx_word' id='word_1_50' title='bbox 1155 1444 1221 1504; x_wconf 76' lang='lat' dir='ltr'><strong>eive</strong></span> 
     </span>
     <span class='ocr_line' id='line_1_9' title="bbox 251 1548 1216 1635; baseline -0.006 -21"><span class='ocrx_word' id='word_1_51' title='bbox 251 1555 444 1635; x_wconf 74' lang='lat' dir='ltr'><strong>negotiorum</strong></span> <span class='ocrx_word' id='word_1_52' title='bbox 464 1553 641 1628; x_wconf 79' lang='lat' dir='ltr'><strong>ceccotioue;</strong></span> <span class='ocrx_word' id='word_1_53' title='bbox 664 1571 684 1612; x_wconf 70' lang='grc' dir='ltr'>α</span> <span class='ocrx_word' id='word_1_54' title='bbox 709 1549 823 1612; x_wconf 85' lang='lat' dir='ltr'><strong>librum</strong></span> <span class='ocrx_word' id='word_1_55' title='bbox 843 1549 882 1610; x_wconf 91' lang='lat' dir='ltr'><strong>de</strong></span> <span class='ocrx_word' id='word_1_56' title='bbox 902 1552 1019 1631; x_wconf 84' lang='lat' dir='ltr'><strong>optimo</strong></span> <span class='ocrx_word' id='word_1_57' title='bbox 1040 1569 1149 1630; x_wconf 77' lang='lat' dir='ltr'><strong>genere</strong></span> <span class='ocrx_word' id='word_1_58' title='bbox 1170 1548 1216 1609; x_wconf 90' lang='lat' dir='ltr'><strong>di-</strong></span> 
     </span>
     <span class='ocr_line' id='line_1_10' title="bbox 251 1655 1220 1733; baseline -0.006 -12"><span class='ocrx_word' id='word_1_59' title='bbox 251 1658 340 1721; x_wconf 79' lang='lat' dir='ltr'><strong>ocudi</strong></span> <span class='ocrx_word' id='word_1_60' title='bbox 360 1656 526 1721; x_wconf 83' lang='lat' dir='ltr'><strong>Cornificio</strong></span> <span class='ocrx_word' id='word_1_61' title='bbox 545 1656 751 1733; x_wconf 77' lang='lat' dir='ltr'><strong>commendot3</strong></span> <span class='ocrx_word' id='word_1_62' title='bbox 764 1657 783 1718; x_wconf 79' lang='lat'><strong>3</strong></span> <span class='ocrx_word' id='word_1_63' title='bbox 795 1666 827 1719; x_wconf 80' lang='lat' dir='ltr'><strong>et</strong></span> <span class='ocrx_word' id='word_1_64' title='bbox 839 1677 929 1717; x_wconf 78' lang='lat' dir='ltr'><strong>ouum</strong></span> <span class='ocrx_word' id='word_1_65' title='bbox 949 1657 978 1716; x_wconf 88' lang='lat' dir='ltr'><strong>ei</strong></span> <span class='ocrx_word' id='word_1_66' title='bbox 997 1655 1131 1717; x_wconf 75' lang='lat' dir='ltr'><strong>studium</strong></span> <span class='ocrx_word' id='word_1_67' title='bbox 1146 1676 1220 1716; x_wconf 88' lang='lat' dir='ltr'><strong>con·</strong></span> 
     </span>
     <span class='ocr_line' id='line_1_11' title="bbox 251 1762 364 1827; baseline -0.009 0"><span class='ocrx_word' id='word_1_68' title='bbox 251 1762 364 1827; x_wconf 82' lang='lat' dir='ltr'><strong>firmat</strong></span> 
     </span>
    </p>
   </div>
   <div class='ocr_carea' id='block_1_4' title="bbox 300 1976 1131 2043">
    <p class='ocr_par' dir='ltr' id='par_1_4' title="bbox 300 1976 1131 2043">
     <span class='ocr_line' id='line_1_12' title="bbox 300 1976 1131 2043; baseline -0.004 -11"><span class='ocrx_word' id='word_1_69' title='bbox 300 1979 355 2032; x_wconf 82' lang='lat' dir='ltr'><strong>Ser.</strong></span> <span class='ocrx_word' id='word_1_70' title='bbox 374 1978 470 2031; x_wconf 78' lang='lat' dir='ltr'><strong>llomue</strong></span> <span class='ocrx_word' id='word_1_71' title='bbox 488 1979 518 2033; x_wconf 82' lang='lat' dir='ltr'><strong>t.</strong></span> <span class='ocrx_word' id='word_1_72' title='bbox 536 1977 571 2032; x_wconf 85' lang='lat' dir='ltr'><strong>V.</strong></span> <span class='ocrx_word' id='word_1_73' title='bbox 588 1977 618 2032; x_wconf 87' lang='lat' dir='ltr'><strong>C.</strong></span> <span class='ocrx_word' id='word_1_74' title='bbox 635 1977 788 2043; x_wconf 80' lang='lat' dir='ltr'><strong>uccvm,</strong></span> <span class='ocrx_word' id='word_1_75' title='bbox 807 1994 893 2031; x_wconf 74' lang='lat' dir='ltr'><strong>mense</strong></span> <span class='ocrx_word' id='word_1_76' title='bbox 911 1976 1021 2031; x_wconf 78' lang='lat' dir='ltr'><strong>Octobri</strong></span> <span class='ocrx_word' id='word_1_77' title='bbox 1038 1993 1131 2030; x_wconf 80' lang='lat' dir='ltr'><strong>exeun.</strong></span> 
     </span>
    </p>
   </div>
   <div class='ocr_carea' id='block_1_5' title="bbox 178 2148 1111 2243">
    <p class='ocr_par' dir='ltr' id='par_1_5' title="bbox 178 2148 1111 2243">
     <span class='ocr_line' id='line_1_13' title="bbox 178 2148 1111 2243; baseline -0.003 -2"><span class='ocrx_word' id='word_1_78' title='bbox 178 2148 186 2161; x_wconf 86' lang='lat'>&#39;</span> <span class='ocrx_word' id='word_1_79' title='bbox 319 2175 465 2241; x_wconf 76' lang='lat' dir='ltr'><strong>oceno</strong></span> <span class='ocrx_word' id='word_1_80' title='bbox 490 2176 722 2243; x_wconf 83' lang='lat' dir='ltr'><strong>conn1nc10</strong></span> <span class='ocrx_word' id='word_1_81' title='bbox 747 2173 992 2242; x_wconf 67' lang='lat' dir='ltr'><strong>cotoneum</strong></span> <span class='ocrx_word' id='word_1_82' title='bbox 1018 2176 1049 2240; x_wconf 93' lang='lat' dir='ltr'><strong>s.</strong></span> <span class='ocrx_word' id='word_1_83' title='bbox 1073 2177 1111 2239; x_wconf 89' lang='lat' dir='ltr'><strong>o.</strong></span> 
     </span>
    </p>
   </div>
   <div class='ocr_carea' id='block_1_6' title="bbox 206 2380 1220 4003">
    <p class='ocr_par' dir='ltr' id='par_1_6' title="bbox 206 2380 1220 3593">
     <span class='ocr_line' id='line_1_14' title="bbox 267 2380 1220 2465; baseline -0.003 0"><span class='ocrx_word' id='word_1_84' title='bbox 267 2414 282 2465; x_wconf 84' lang='lat'>1</span> <span class='ocrx_word' id='word_1_85' title='bbox 312 2390 423 2464; x_wconf 82' lang='lat' dir='ltr'><strong>Grata</strong></span> <span class='ocrx_word' id='word_1_86' title='bbox 447 2388 537 2463; x_wconf 87' lang='lat' dir='ltr'><strong>mihi</strong></span> <span class='ocrx_word' id='word_1_87' title='bbox 561 2386 789 2465; x_wconf 87' lang='lat' dir='ltr'><strong>vehementer</strong></span> <span class='ocrx_word' id='word_1_88' title='bbox 820 2400 875 2462; x_wconf 87' lang='lat' dir='ltr'><strong>est</strong></span> <span class='ocrx_word' id='word_1_89' title='bbox 906 2380 1075 2463; x_wconf 80' lang='lat' dir='ltr'><strong>memoria</strong></span> <span class='ocrx_word' id='word_1_90' title='bbox 1106 2389 1220 2462; x_wconf 82' lang='lat' dir='ltr'><strong>nostri</strong></span> 
     </span>
     <span class='ocr_line' id='line_1_15' title="bbox 209 2514 1219 2617; baseline -0.001 -28"><span class='ocrx_word' id='word_1_91' title='bbox 209 2528 272 2590; x_wconf 84' lang='lat' dir='ltr'><strong>tuo</strong></span> <span class='ocrx_word' id='word_1_92' title='bbox 284 2571 295 2615; x_wconf 99' lang='lat'><strong>,</strong></span> <span class='ocrx_word' id='word_1_93' title='bbox 319 2541 425 2617; x_wconf 85' lang='lat' dir='ltr'><strong>quam</strong></span> <span class='ocrx_word' id='word_1_94' title='bbox 453 2517 657 2615; x_wconf 79' lang='lat' dir='ltr'><strong>significasti</strong></span> <span class='ocrx_word' id='word_1_95' title='bbox 680 2514 808 2590; x_wconf 85' lang='lat' dir='ltr'><strong>literis:</strong></span> <span class='ocrx_word' id='word_1_96' title='bbox 834 2539 940 2615; x_wconf 86' lang='lat' dir='ltr'><strong>quam</strong></span> <span class='ocrx_word' id='word_1_97' title='bbox 965 2526 1006 2587; x_wconf 93' lang='lat' dir='ltr'><strong>ut</strong></span> <span class='ocrx_word' id='word_1_98' title='bbox 1031 2539 1219 2588; x_wconf 80' lang='lat' dir='ltr'><strong>conserves</strong></span> 
     </span>
     <span class='ocr_line' id='line_1_16' title="bbox 211 2639 1219 2742; baseline -0.002 -27"><span class='ocrx_word' id='word_1_99' title='bbox 211 2649 309 2731; x_wconf 84' lang='lat' dir='ltr'><strong>(nou</strong></span> <span class='ocrx_word' id='word_1_100' title='bbox 334 2657 439 2742; x_wconf 80' lang='lat' dir='ltr'><strong>quo¹</strong></span> <span class='ocrx_word' id='word_1_101' title='bbox 465 2642 510 2714; x_wconf 88' lang='lat' dir='ltr'><strong>de</strong></span> <span class='ocrx_word' id='word_1_102' title='bbox 535 2655 596 2714; x_wconf 82' lang='lat' dir='ltr'><strong>tua</strong></span> <span class='ocrx_word' id='word_1_103' title='bbox 623 2643 821 2715; x_wconf 81' lang='lat' dir='ltr'><strong>constantia</strong></span> <span class='ocrx_word' id='word_1_104' title='bbox 848 2639 1024 2739; x_wconf 82' lang='lat' dir='ltr'><strong>dubitem,</strong></span> <span class='ocrx_word' id='word_1_105' title='bbox 1048 2640 1112 2713; x_wconf 85' lang='lat' dir='ltr'><strong>oed</strong></span> <span class='ocrx_word' id='word_1_106' title='bbox 1138 2641 1219 2741; x_wconf 85' lang='lat' dir='ltr'><strong>quia</strong></span> 
     </span>
     <span class='ocr_line' id='line_1_17' title="bbox 208 2764 1220 2865; baseline -0.002 -26"><span class='ocrx_word' id='word_1_107' title='bbox 208 2791 288 2841; x_wconf 88' lang='lat' dir='ltr'><strong>mos</strong></span> <span class='ocrx_word' id='word_1_108' title='bbox 314 2779 368 2839; x_wconf 84' lang='lat' dir='ltr'><strong>est</strong></span> <span class='ocrx_word' id='word_1_109' title='bbox 391 2767 440 2838; x_wconf 82' lang='lat' dir='ltr'><strong>ita</strong></span> <span class='ocrx_word' id='word_1_110' title='bbox 466 2766 664 2865; x_wconf 83' lang='lat' dir='ltr'><strong>rogandi),</strong></span> <span class='ocrx_word' id='word_1_111' title='bbox 695 2791 791 2864; x_wconf 85' lang='lat' dir='ltr'><strong>rogo.</strong></span> <span class='ocrx_word' id='word_1_112' title='bbox 818 2768 874 2839; x_wconf 82' lang='lat' dir='ltr'><strong>Ex</strong></span> <span class='ocrx_word' id='word_1_113' title='bbox 898 2765 999 2865; x_wconf 80' lang='lat' dir='ltr'><strong>Syria</strong></span> <span class='ocrx_word' id='word_1_114' title='bbox 1031 2764 1136 2838; x_wconf 90' lang='lat' dir='ltr'><strong>uobis</strong></span> <span class='ocrx_word' id='word_1_115' title='bbox 1162 2779 1220 2838; x_wconf 91' lang='lat' dir='ltr'><strong>tu·</strong></span> 
     </span>
     <span class='ocr_line' id='line_1_18' title="bbox 209 2890 1219 2993; baseline 0 -29"><span class='ocrx_word' id='word_1_116' title='bbox 209 2890 438 2964; x_wconf 83' lang='lat' dir='ltr'><strong>multuosiora</strong></span> <span class='ocrx_word' id='word_1_117' title='bbox 464 2890 637 2992; x_wconf 75' lang='lat' dir='ltr'><strong>qiiaedam</strong></span> <span class='ocrx_word' id='word_1_118' title='bbox 652 2891 667 2940; x_wconf 82' lang='lat'>³</span> <span class='ocrx_word' id='word_1_119' title='bbox 684 2892 852 2993; x_wconf 15' lang='lat' dir='ltr'><strong>,nuntiata</strong></span> <span class='ocrx_word' id='word_1_120' title='bbox 876 2906 966 2965; x_wconf 80' lang='lat' dir='ltr'><strong>sunt</strong></span> <span class='ocrx_word' id='word_1_121' title='bbox 993 2892 1109 2990; x_wconf 81' lang='lat' dir='ltr'><strong>Quae,</strong></span> <span class='ocrx_word' id='word_1_122' title='bbox 1135 2891 1219 2992; x_wconf 86' lang='lat' dir='ltr'><strong>quia</strong></span> 
     </span>
     <span class='ocr_line' id='line_1_19' title="bbox 209 3014 1219 3120; baseline 0.001 -30"><span class='ocrx_word' id='word_1_123' title='bbox 209 3014 276 3090; x_wconf 85' lang='lat' dir='ltr'><strong>tibi</strong></span> <span class='ocrx_word' id='word_1_124' title='bbox 301 3030 385 3089; x_wconf 85' lang='lat' dir='ltr'><strong>sunt</strong></span> <span class='ocrx_word' id='word_1_125' title='bbox 409 3017 577 3117; x_wconf 83' lang='lat' dir='ltr'><strong>propiora</strong></span> <span class='ocrx_word' id='word_1_126' title='bbox 594 3016 621 3116; x_wconf 78' lang='lat'><strong>4,</strong></span> <span class='ocrx_word' id='word_1_127' title='bbox 647 3043 752 3120; x_wconf 86' lang='lat' dir='ltr'><strong>quum</strong></span> <span class='ocrx_word' id='word_1_128' title='bbox 783 3018 903 3117; x_wconf 80' lang='lat' dir='ltr'><strong>nobis,</strong></span> <span class='ocrx_word' id='word_1_129' title='bbox 941 3032 1002 3091; x_wconf 84' lang='lat' dir='ltr'><strong>tua</strong></span> <span class='ocrx_word' id='word_1_130' title='bbox 1028 3044 1085 3091; x_wconf 90' lang='lat' dir='ltr'><strong>me</strong></span> <span class='ocrx_word' id='word_1_131' title='bbox 1111 3043 1219 3091; x_wconf 83' lang='lat' dir='ltr'><strong>causa</strong></span> 
     </span>
     <span class='ocr_line' id='line_1_20' title="bbox 206 3123 1218 3244; baseline 0.001 -29"><span class='ocrx_word' id='word_1_132' title='bbox 206 3123 319 3241; x_wconf 75' lang='lat' dir='ltr'><strong>megin</strong></span> <span class='ocrx_word' id='word_1_133' title='bbox 337 3155 495 3241; x_wconf 83' lang='lat' dir='ltr'><strong>movent,</strong></span> <span class='ocrx_word' id='word_1_134' title='bbox 508 3168 615 3244; x_wconf 84' lang='lat' dir='ltr'><strong>quam</strong></span> <span class='ocrx_word' id='word_1_135' title='bbox 631 3169 719 3216; x_wconf 85' lang='lat' dir='ltr'><strong>meu.</strong></span> <span class='ocrx_word' id='word_1_136' title='bbox 734 3144 867 3217; x_wconf 82' lang='lat' dir='ltr'><strong>Romae</strong></span> <span class='ocrx_word' id='word_1_137' title='bbox 883 3170 1060 3218; x_wconf 82' lang='lat' dir='ltr'><strong>summum</strong></span> <span class='ocrx_word' id='word_1_138' title='bbox 1078 3144 1218 3216; x_wconf 84' lang='lat' dir='ltr'><strong>otium⁵</strong></span> 
     </span>
     <span class='ocr_line' id='line_1_21' title="bbox 209 3265 1220 3372; baseline 0.002 -31"><span class='ocrx_word' id='word_1_139' title='bbox 209 3279 280 3342; x_wconf 82' lang='lat' dir='ltr'><strong>eot:</strong></span> <span class='ocrx_word' id='word_1_140' title='bbox 307 3265 371 3341; x_wconf 74' lang='lat' dir='ltr'><strong>ted</strong></span> <span class='ocrx_word' id='word_1_141' title='bbox 394 3268 461 3366; x_wconf 84' lang='lat' dir='ltr'><strong>ito,</strong></span> <span class='ocrx_word' id='word_1_142' title='bbox 486 3280 526 3341; x_wconf 89' lang='lat' dir='ltr'><strong>ut</strong></span> <span class='ocrx_word' id='word_1_143' title='bbox 550 3268 681 3343; x_wconf 83' lang='lat' dir='ltr'><strong>molis⁶</strong></span> <span class='ocrx_word' id='word_1_144' title='bbox 700 3267 838 3344; x_wconf 83' lang='lat' dir='ltr'><strong>salubre</strong></span> <span class='ocrx_word' id='word_1_145' title='bbox 864 3269 1025 3372; x_wconf 80' lang='lat' dir='ltr'><strong>aliquod,</strong></span> <span class='ocrx_word' id='word_1_146' title='bbox 1050 3284 1087 3343; x_wconf 89' lang='lat' dir='ltr'><strong>et</strong></span> <span class='ocrx_word' id='word_1_147' title='bbox 1109 3270 1220 3343; x_wconf 88' lang='lat' dir='ltr'><strong>hone-</strong></span> 
     </span>
     <span class='ocr_line' id='line_1_22' title="bbox 208 3392 1220 3496; baseline 0.002 -31"><span class='ocrx_word' id='word_1_148' title='bbox 208 3405 302 3466; x_wconf 86' lang='lat' dir='ltr'><strong>etum</strong></span> <span class='ocrx_word' id='word_1_149' title='bbox 327 3394 529 3492; x_wconf 83' lang='lat' dir='ltr'><strong>negotium:</strong></span> <span class='ocrx_word' id='word_1_150' title='bbox 555 3392 654 3496; x_wconf 89' lang='lat' dir='ltr'><strong>quod</strong></span> <span class='ocrx_word' id='word_1_151' title='bbox 677 3419 782 3495; x_wconf 80' lang='lat' dir='ltr'><strong>spero</strong></span> <span class='ocrx_word' id='word_1_152' title='bbox 807 3394 897 3496; x_wconf 76' lang='lat' dir='ltr'><strong>fore,</strong></span> <span class='ocrx_word' id='word_1_153' title='bbox 928 3395 1066 3471; x_wconf 66' lang='lat' dir='ltr'><strong>video?</strong></span> <span class='ocrx_word' id='word_1_154' title='bbox 1093 3395 1132 3471; x_wconf 90' lang='lat' dir='ltr'><strong>id</strong></span> <span class='ocrx_word' id='word_1_155' title='bbox 1157 3421 1220 3469; x_wconf 90' lang='lat' dir='ltr'><strong>cu-</strong></span> 
     </span>
     <span class='ocr_line' id='line_1_23' title="bbox 207 3519 544 3593; baseline -0.003 -2"><span class='ocrx_word' id='word_1_156' title='bbox 207 3541 269 3591; x_wconf 86' lang='lat' dir='ltr'><strong>rue</strong></span> <span class='ocrx_word' id='word_1_157' title='bbox 293 3544 369 3591; x_wconf 87' lang='lat' dir='ltr'><strong>esse</strong></span> <span class='ocrx_word' id='word_1_158' title='bbox 394 3519 544 3593; x_wconf 81' lang='lat' dir='ltr'><strong>Caesari.</strong></span> 
     </span>
    </p>

    <p class='ocr_par' dir='ltr' id='par_1_7' title="bbox 209 3644 1220 4003">
     <span class='ocr_line' id='line_1_24' title="bbox 259 3644 1220 3749; baseline 0.003 -31"><span class='ocrx_word' id='word_1_159' title='bbox 259 3671 281 3718; x_wconf 82' lang='lat'>2</span> <span class='ocrx_word' id='word_1_160' title='bbox 308 3646 368 3718; x_wconf 91' lang='lat' dir='ltr'><strong>Me</strong></span> <span class='ocrx_word' id='word_1_161' title='bbox 392 3647 500 3746; x_wconf 78' lang='lat' dir='ltr'><strong>scito,</strong></span> <span class='ocrx_word' id='word_1_162' title='bbox 525 3644 611 3719; x_wconf 88' lang='lat' dir='ltr'><strong>dum</strong></span> <span class='ocrx_word' id='word_1_163' title='bbox 638 3659 675 3719; x_wconf 87' lang='lat' dir='ltr'><strong>tu</strong></span> <span class='ocrx_word' id='word_1_164' title='bbox 701 3645 794 3722; x_wconf 79' lang='lat' dir='ltr'><strong>absis</strong></span> <span class='ocrx_word' id='word_1_165' title='bbox 811 3648 841 3747; x_wconf 75' lang='lat'><strong>⁰,</strong></span> <span class='ocrx_word' id='word_1_166' title='bbox 864 3648 963 3749; x_wconf 82' lang='lat' dir='ltr'><strong>quasi</strong></span> <span class='ocrx_word' id='word_1_167' title='bbox 994 3649 1220 3722; x_wconf 84' lang='lat' dir='ltr'><strong>occasionem</strong></span> 
     </span>
     <span class='ocr_line' id='line_1_25' title="bbox 209 3770 1218 3873; baseline 0.005 -29"><span class='ocrx_word' id='word_1_168' title='bbox 209 3770 399 3872; x_wconf 83' lang='lat' dir='ltr'><strong>quamdam</strong></span> <span class='ocrx_word' id='word_1_169' title='bbox 424 3786 461 3845; x_wconf 89' lang='lat' dir='ltr'><strong>et</strong></span> <span class='ocrx_word' id='word_1_170' title='bbox 483 3770 663 3846; x_wconf 85' lang='lat' dir='ltr'><strong>licentiam</strong></span> <span class='ocrx_word' id='word_1_171' title='bbox 686 3786 848 3873; x_wconf 83' lang='lat' dir='ltr'><strong>nactum,</strong></span> <span class='ocrx_word' id='word_1_172' title='bbox 865 3773 1017 3849; x_wconf 79' lang='lat' dir='ltr'><strong>scribere</strong></span> <span class='ocrx_word' id='word_1_173' title='bbox 1035 3774 1218 3849; x_wconf 81' lang='lat' dir='ltr'><strong>audacius:</strong></span> 
     </span>
     <span class='ocr_line' id='line_1_26' title="bbox 209 3897 1214 4003; baseline 0.007 -35"><span class='ocrx_word' id='word_1_174' title='bbox 209 3909 246 3968; x_wconf 89' lang='lat' dir='ltr'><strong>ct</strong></span> <span class='ocrx_word' id='word_1_175' title='bbox 269 3909 384 3972; x_wconf 84' lang='lat' dir='ltr'><strong>cetera</strong></span> <span class='ocrx_word' id='word_1_176' title='bbox 410 3897 552 4002; x_wconf 90' lang='lat' dir='ltr'><strong>quidem</strong></span> <span class='ocrx_word' id='word_1_177' title='bbox 584 3898 731 3976; x_wconf 79' lang='lat' dir='ltr'><strong>fortasse</strong></span> <span class='ocrx_word' id='word_1_178' title='bbox 748 3916 777 3999; x_wconf 82' lang='lat'><strong>⁹,</strong></span> <span class='ocrx_word' id='word_1_179' title='bbox 809 3925 899 4003; x_wconf 87' lang='lat' dir='ltr'><strong>quae</strong></span> <span class='ocrx_word' id='word_1_180' title='bbox 931 3901 1037 3975; x_wconf 84' lang='lat' dir='ltr'><strong>etium</strong></span> <span class='ocrx_word' id='word_1_181' title='bbox 1062 3914 1101 3974; x_wconf 88' lang='lat' dir='ltr'><strong>tu</strong></span> <span class='ocrx_word' id='word_1_182' title='bbox 1127 3927 1214 3975; x_wconf 91' lang='lat' dir='ltr'><strong>con-</strong></span> 
     </span>
    </p>
   </div>
   <div class='ocr_carea' id='block_1_7' title="bbox 0 0 1328 4822">
    <p class='ocr_par' dir='ltr' id='par_1_8' title="bbox 0 0 1328 4822">
     <span class='ocr_line' id='line_1_27' title="bbox 0 0 1328 4822; baseline 0 1"><span class='ocrx_word' id='word_1_183' title='bbox 0 0 1328 4822; x_wconf 95' lang='lat' dir='ltr'><strong> </strong></span> 
     </span>
    </p>
   </div>
  </div>
 </body>
</html>
