2648 4822
232 427 306 519 554
595 441 867 493 tunnrarmers

271 569 338 611 sum
358 543 601 630 pmmnmdinis,
620 555 652 605 et
671 544 831 605 venustatis
848 538 978 601 memte-
1001 538 1126 601 &tata
1148 543 1182 601 iu
1203 540 1260 602 Ia·

269 657 347 719 xiao.
367 653 417 715 Sic
436 652 624 715 hammaim
645 650 763 725 literae,
783 667 840 731 pro
853 644 975 727 studiis,
997 667 1086 729 quae
1100 645 1261 710 hominem

271 761 417 825 ernoluut.

236 890 272 933 aa
292 869 555 953 supervacaneum
574 863 694 929 videtu
711 861 758 925 ad
776 884 842 943 me,
867 880 965 944 quum
991 858 1116 925 dixerit
1143 860 1259 925 aedera

270 977 434 1041 Manutius.

236 1085 272 1147 13
294 1083 409 1166 Habes,
422 1082 533 1163 inquit,
546 1078 682 1141 odiosam
695 1087 892 1161 terentum»,
906 1075 998 1161 idest,
1011 1097 1113 1159 quam
1128 1098 1191 1162 agn
1205 1080 1259 1139 ini-

271 1194 330 1276 tio,
345 1201 380 1253 ut
393 1208 531 1270 gravem,
551 1186 677 1249 oderam
689 1197 720 1247 et
734 1184 937 1268 refugiebam
948 1204 1031 1267 quae
1043 1195 1156 1247 tamen
1171 1184 1259 1264 mihi,

272 1310 308 1361 ut
328 1297 407 1377 dixi,
426 1295 552 1357 molesta
571 1315 633 1355 nen
652 1293 718 1355 fuit.
739 1293 859 1354 Bosius.
1204 1356 1215 1377 ·

236 1406 275 1485 ¹4
293 1404 421 1489 supple,
440 1402 585 1475 aderam
606 1402 733 1463 aderant
752 1400 862 1460 scilicet
874 1399 997 1461 honoris
1012 1419 1110 1461 eausa
1126 1399 1169 1462 ad
1183 1399 1256 1462 dex·

271 1525 350 1576 uam
371 1522 401 1574 et
421 1511 460 1572 sd
483 1513 631 1574 sinistram
656 1508 777 1570 Caesari
797 1508 948 1590 equitanti.
970 1505 1077 1589 Vulgo
1100 1506 1253 1590 sacceam

269 1622 343 1694 ala,
363 1619 520 1702 apalh'cra.

235 1725 273 1791 ιδ
293 1725 411 1789 Audivi.
434 1723 560 1787 Cenad.

678 1829 797 1891 DCLH.

236 2070 248 2110 ι
273 2050 404 2127 Quintus
425 2047 530 2109 Cicero
549 2044 637 2109 filius.
657 2043 770 2107 burst.

234 2178 253 2217 2
273 2156 361 2219 Multi
380 2154 463 2239 libri,
483 2167 608 2237 excepta
622 2154 669 2216 eti
683 2156 755 2235 aa,
768 2152 853 2238 quod
864 2154 918 2216 iter
928 2152 1037 2216 timet?
1050 2157 1111 2219 me
1123 2158 1181 2221 iter
1193 2170 1251 2221 etc.

274 2264 392 2326 Primus
411 2264 516 2324 anius
536 2285 554 2324 e
575 2263 625 2324 lib.
650 2264 774 2324 Decurt
801 2263 874 2347 quoi
899 2264 918 2322 i.
944 2262 963 2322 i.
994 2263 1077 2346 Quoi
1103 2276 1250 2351 ἀρχιως

147 2422 150 2427 .
272 2392 330 2455 pru
349 2373 414 2446 cui,
434 2371 518 2453 quod
532 2371 631 2431 editur
644 2371 714 2431 inde
727 2370 767 2432 ab
781 2370 928 2432 Ernestio.
946 2369 1003 2431 Ad
1018 2372 1150 2447 belhan,
1171 2374 1251 2437 bene

271 2479 437 2563 Malaspina
456 2478 591 2558 intelligit
610 2478 785 2539 Parthicum
804 2479 871 2561 (ep.
891 2480 1116 2564 Dtxxxvu,
1141 2484 1190 2560 ι),
1211 2482 1250 2543 ad

272 2587 356 2669 quod
377 2590 473 2647 iturus
493 2598 558 2647 erat
579 2607 648 2646 cum
671 2585 806 2648 Caesare.

234 2698 251 2756 3
274 2697 362 2772 Quae
383 2697 426 2755 vis
447 2706 476 2754 te
497 2695 537 2755 ad
556 2694 671 2755 bellum
691 2693 790 2774 angit?

232 2804 253 2879 4
274 2802 380 2862 Habeo
401 2802 440 2860 ad
462 2801 492 2860 id
512 2800 634 2863 bellum.

232 2909 253 2970 5
274 2912 397 2971 Atticus.
420 2910 537 2968 Manat.

232 3017 253 3077 6
273 3017 415 3077 onrem.
438 3016 553 3077 Mmuct.
576 3018 658 3077 Tum
678 3038 714 3077 ae
735 3017 781 3077 illi
799 3016 935 3099 quadem,
956 3016 1016 3075 scil.
1042 3019 1207 3080 avunculo.

233 3144 251 3204 7
272 3123 401 3184 Evenire
422 3123 510 3184 velim
530 3123 584 3185 tibi
605 3124 663 3186 hoe
683 3127 916 3187 matrimonium.
937 3122 1000 3185 Sed
1023 3126 1152 3206 quando
1181 3148 1249 3189 eam

274 3231 375 3294 duces.

231 3337 252 3401 8
271 3340 330 3403 Ed.
349 3342 405 3401 Ro.
423 3339 545 3423 pmbas.
565 3341 637 3401 Mor
657 3361 776 3413 censeo,
797 3359 923 3400 uxorem
944 3337 1053 3420 ducas3
1074 3341 1164 3422 quod
1189 3346 1249 3405 iam

272 3449 424 3509 Manutius
446 3449 594 3510 indicavit.

231 3575 252 3637 9
271 3556 423 3638 Natalem3
446 3578 491 3638 ep.
513 3556 675 3634 ccxcvl,
696 3556 723 3614 3.

236 3683 271 3727 ιο
291 3664 435 3742 Romam,
455 3662 538 3744 quod
559 3682 657 3742 augur
677 3664 741 3721 sim.
765 3661 880 3722 Manat.

235 3790 266 3830 ιι
292 3770 323 3831 Si
343 3792 415 3831 vera
435 3781 479 3831 est
499 3770 601 3849 tectio,
624 3790 685 3830 una
705 3769 762 3830 hac
790 3767 1004 3852 interpretandi
1030 3771 1149 3832 ratione
1179 3794 1252 3834 sen·-

271 3881 362 3938 trntia
376 3889 503 3959 constat,
523 3881 542 3938 i.
556 3899 584 3958 q.
599 3889 666 3937 orat
684 3877 830 3960 Lepidus,
850 3888 885 3938 ut
905 3878 1022 3938 veniam
1037 3876 1077 3937 ad
1091 3880 1248 3961 templum

271 3983 438 4064 effandum,
459 3984 569 4047 scilieet
587 3985 628 4045 ad
647 3984 748 4046 locum
769 3983 999 4067 temp107qu0d
1021 3982 1134 4045 Caesar
1154 3987 1251 4049 Marti
