2648 4822
156 403 204 473 50
485 422 652 467 uersutia
682 421 814 469 osxsrr.
931 420 963 467 Α.
982 420 1125 483 nepa

158 524 244 596 deor
268 522 352 593 milri
378 547 419 593 ex
446 519 559 620 aliqua
586 534 684 619 parte
711 522 875 615 retinere,
908 534 1090 621 tamquam
1112 546 1149 595 ex

158 649 310 749 reliquiis
336 648 503 747 pristinae
526 646 712 743 dignitatis.
731 644 851 745 Neque
867 646 962 715 enim
978 648 1057 745 ipse
1073 648 1151 720 Cae·

160 800 237 871 sar,
261 788 300 844 ut
325 773 441 844 multis
466 771 569 845 relius
595 770 785 865 intelligere
812 771 928 868 potui.
945 784 1000 842 est
1026 770 1151 844 alienus

162 1023 315 1095 devincti
341 1024 474 1119 magnis
507 1024 592 1094 meis
625 1020 800 1093 veteribus
825 1020 972 1117 officiis,
999 1046 1058 1094 me
1083 1020 1154 1095 dili·

163 1164 281 1247 genter
306 1148 494 1221 observant
521 1161 557 1220 et
582 1146 712 1219 colunt
737 1148 859 1247 ltaque
884 1147 914 1217 si
939 1148 1001 1247 qui
1021 1162 1051 1199 ¹⁰
1076 1146 1155 1219 mihi

162 1278 226 1347 erit
253 1275 368 1347 aditus
394 1274 438 1347 de
463 1280 533 1347 tuis
558 1275 723 1370 fortunis,
747 1273 785 1345 id
809 1286 880 1369 est,
904 1271 950 1345 de
976 1288 1037 1345 tua
1062 1276 1155 1347 inco·

162 1399 337 1494 lumitate,
362 1403 398 1472 in
424 1428 492 1500 qua
519 1415 599 1472 sunt
625 1402 761 1473 omnia.
786 1398 933 1497 agendi3
961 1399 1062 1501 quod
1085 1400 1155 1501 qui·

164 1524 244 1595 dem
270 1526 426 1626 quotidie
452 1528 563 1623 magis
588 1552 630 1598 ex
654 1552 775 1599 eorum
800 1524 1022 1598 sermonibus
1051 1526 1156 1599 addu-

165 1675 236 1745 cor,
261 1666 300 1721 ut
326 1676 481 1750 sperem:
507 1678 606 1749 agam
631 1678 696 1751 per
719 1678 776 1723 me
800 1652 894 1751 ipse,
917 1664 955 1723 et
979 1650 1105 1723 moliar
1122 1666 1156 1723 ¹¹.

166 1776 305 1873 Singula
331 1778 490 1876 persequi
515 1802 587 1849 non
612 1792 665 1851 est
688 1803 840 1849 necesse.
857 1776 1074 1849 Vniversum
1092 1790 1158 1849 stu·

166 1900 262 1971 dium
288 1928 403 1973 meum
429 1916 463 1973 et
489 1902 761 1976 benivolentiam
794 1902 841 1973 ad
870 1916 905 1973 te
931 1902 1061 1975 desero.
1092 1900 1157 1973 Sed

165 2028 282 2123 magni
308 2051 383 2097 mea
409 2028 569 2125 interest,
593 2029 662 2099 lroe
688 2044 766 2101 tuos
792 2052 914 2099 omnes
940 2030 1030 2099 scire
1048 2024 1157 2127 (quod

167 2154 235 2223 tuis
259 2150 367 2224 literis
392 2154 465 2225 fieri
491 2168 605 2252 potest
619 2170 640 2249 t,
665 2169 704 2225 ut
729 2153 939 2251 intelligant,
965 2154 1083 2226 omnia
1107 2154 1158 2227 ci-

167 2280 302 2349 ceronis
327 2292 447 2377 patere
472 2279 658 2351 Trebiano.
683 2282 761 2352 Hoc
786 2305 830 2351 eo
856 2280 1026 2377 pertinet,
1051 2292 1091 2351 ut
1113 2278 1158 2351 ni·

167 2400 216 2475 hil
242 2406 439 2477 existiment
464 2431 539 2477 esse
564 2420 637 2477 tam
662 2404 824 2499 difficile,
857 2402 954 2505 quod
979 2430 1076 2501 non,
1100 2426 1158 2505 pro

168 2544 202 2601 te
228 2530 312 2602 milri
338 2546 556 2631 susceptum,
581 2530 772 2603 iucundum
797 2532 843 2602 sit
868 2530 1025 2603 futurum
1044 2546 1085 2603 ¹².

222 2682 241 2727 2
267 2658 380 2726 Antea
405 2657 574 2727 misissem
599 2656 645 2728 ad
671 2670 706 2729 te
731 2655 865 2753 literas,
896 2656 925 2727 si
951 2681 1062 2753 genus
1086 2652 1160 2729 scri·

169 2776 275 2849 bandi
301 2781 511 2852 invenissem
526 2784 566 2853 ¹³.
592 2782 672 2854 Tali
697 2784 789 2855 euim
816 2796 974 2881 tempore
999 2795 1063 2854 aut
1085 2804 1161 2855 con-

170 2902 272 2975 solari
299 2906 489 2977 amicorum
523 2922 597 2995 est,
630 2924 689 2979 aut
716 2906 881 3007 polliceri.
913 2906 1160 2981 Consolatione

171 3052 243 3101 non
268 3029 408 3129 utebar,
425 3033 521 3133 quod
546 3060 589 3105 ex
614 3034 732 3105 multis
757 3030 958 3129 audiebam,
974 3058 1081 3133 quam
1097 3032 1161 3105 lor·

172 3154 252 3227 titer
270 3157 511 3259 sapienterque
528 3158 632 3232 serres
647 3160 809 3232 iniuriam
825 3172 1037 3258 temponrm,
1050 3182 1162 3261 quarn·

173 3306 239 3380 que
266 3294 300 3353 te
325 3283 549 3359 vehementer
574 3286 813 3359 consolaretur
829 3284 1044 3358 conscientia
1063 3284 1164 3357 facto·

171 3432 247 3479 runt
274 3423 309 3481 et
335 3410 558 3483 consiliorum
576 3426 734 3485 tuonuu:
752 3410 848 3511 quod
866 3408 1008 3511 quidem
1026 3410 1163 3506 silacia,

171 3558 335 3631 magnum
360 3535 509 3609 liueturn
535 3540 733 3612 studiorum
759 3538 974 3636 optinrorunr
1001 3534 1163 3636 capis,in

172 3658 297 3759 quibus
331 3678 364 3732 te
397 3690 533 3764 semper
566 3668 638 3737 seio
672 3692 746 3737 esse
773 3676 967 3759 versatum,
998 3662 1105 3763 idque
1127 3672 1163 3731 ut

173 3783 297 3881 facias,
319 3790 422 3859 etiam
450 3806 553 3892 atrpre
579 3794 683 3863 etiarn
711 3808 745 3863 te
771 3792 900 3862 hortor.
934 3788 1045 3859 Simul
1071 3802 1107 3860 et
1128 3782 1164 3859 il·

175 3912 233 3982 lud
261 3914 338 4011 tilii,
356 3915 486 3988 linuriui
506 3921 715 4016 peritissimo
735 3943 846 3991 renun
866 3931 899 3987 et
918 3913 1165 4014 exrrnplorurn,
