2648 4822
233 436 303 485 202
552 434 721 483 uersuum
750 434 903 481 neuun.
1008 434 1039 481 Α.
1057 434 1091 481 V.
1109 436 1138 481 C.
1157 432 1204 495 708

305 660 360 713 scr.
376 660 403 710 in
419 658 566 711 Tusculano
583 661 613 713 t.
632 659 665 714 V.
684 660 713 714 C.
732 658 875 725 uccvut,
894 658 954 711 xvt
976 660 1033 712 llal.
1051 662 1145 731 Quint.

538 847 682 914 oleato
708 849 858 914 ATTICO
883 850 914 912 S.

276 1036 331 1113 Tu
358 1038 462 1136 igitur
481 1052 505 1136 ¹,
537 1050 576 1109 ut
608 1038 798 1137 scripsisti3
835 1062 900 1109 neo
936 1036 975 1110 id
1000 1038 1225 1113 incommodo

226 1181 297 1239 tuo.
323 1162 391 1237 Vel
414 1164 517 1237 binae
542 1164 635 1235 enim
660 1176 829 1261 poterunt
853 1162 973 1235 literae
992 1179 1017 1261 ²5
1042 1190 1224 1238 occurram

225 1292 354 1387 etiarn,
378 1292 407 1363 si
432 1315 573 1363 necesse
598 1290 672 1362 erit.
706 1290 802 1387 Ergo
834 1289 872 1361 id
897 1288 1063 1391 quidem,
1095 1303 1136 1363 ut
1159 1315 1225 1390 po·

223 1417 315 1490 teris.
343 1418 396 1490 De
421 1414 570 1489 Mustela
583 1416 610 1512 ³,
633 1428 674 1486 ut
698 1414 836 1487 scribis:
863 1415 928 1487 etsi
952 1440 1116 1513 magnum
1133 1442 1224 1515 opus

225 1555 288 1615 est.
314 1543 370 1613 Eo
395 1542 504 1638 magis
530 1539 675 1613 delabor
700 1539 746 1613 ad
771 1539 933 1616 Clodiam
948 1538 974 1613 4.
1002 1540 1224 1643 Quamquam

224 1668 261 1740 in
285 1680 435 1767 utroque
459 1666 692 1739 Faberianum
717 1692 848 1743 nomen
874 1666 1129 1767 explorandum
1155 1682 1225 1765 est3

225 1791 268 1865 de
294 1817 381 1892 quo,
406 1791 493 1865 nihil
517 1796 692 1890 nocuerit,
717 1795 746 1866 si
772 1793 904 1895 aliquid
930 1820 1009 1866 eum
1026 1792 1138 1867 Balbo
1157 1796 1224 1867 eris

221 1916 377 2017 locutus3
402 1918 620 2020 etquidem,
645 1933 685 1992 ut
710 1945 765 1992 res
791 1934 859 2017 est,
885 1946 999 1993 emere
1025 1944 1090 1993 uos
1117 1918 1223 2019 velle,

221 2068 289 2119 nec
312 2070 416 2145 posse
441 2046 515 2118 sine
540 2046 609 2117 isto
634 2046 793 2144 nomine,
809 2071 875 2118 nec
894 2044 1022 2118 audere
1046 2046 1180 2119 ineerta
1197 2048 1223 2117 ⁵.

222 2171 292 2245 Sed
324 2171 465 2273 quando
497 2170 622 2245 Clodia
654 2173 786 2245 Romae
824 2172 939 2245 futura
973 2184 1044 2269 est,
1076 2184 1113 2244 et
1141 2172 1224 2273 quia

221 2300 311 2371 tanti
335 2324 409 2371 rem
435 2300 614 2397 aestimas,
640 2324 683 2372 eo
709 2324 850 2400 prorsus
876 2310 1015 2398 specto:
1038 2321 1113 2370 uon
1137 2297 1223 2399 quin

222 2422 309 2499 illud
333 2424 453 2500 malim
463 2455 474 2526 3
513 2426 575 2500 sed
608 2440 644 2499 et
680 2452 805 2525 magna
831 2450 886 2497 res
912 2437 983 2521 est,
1015 2437 1052 2496 et
1084 2420 1223 2495 difficile

223 2566 400 2625 certamen
426 2580 507 2627 cum
533 2552 686 2653 cupid0,
723 2580 804 2626 cum
828 2549 1026 2651 locuplete,
1056 2576 1136 2622 cum
1161 2548 1222 2622 he·

221 2677 304 2751 redo
321 2682 352 2750 ⁶:
380 2681 444 2751 etsi
471 2680 515 2752 de
541 2681 734 2781 cupiditate
760 2679 889 2751 nemini
917 2676 1135 2773 concedam3
1166 2703 1222 2750 ce·

221 2805 304 2875 teris
341 2803 445 2876 rebus
482 2805 662 2879 inferiores
696 2832 824 2877 sumus.
863 2805 933 2878 Sed
968 2802 1056 2877 haeo
1093 2827 1220 2876 coram.

220 2930 324 3001 Hirtii
351 2928 499 3028 librum,
526 2932 696 3029 arsacis,
722 2930 870 3031 divulga.
909 2932 962 3004 De
987 2929 1179 3004 Philotimo
1197 2948 1222 3033 ⁷,

220 3053 313 3126 idem
339 3069 376 3128 et
400 3082 464 3155 ego
491 3057 692 3131 arbitrabar.
725 3059 877 3132 Domum
913 3072 1008 3130 tuam
1034 3057 1144 3156 pluris
1169 3058 1221 3130 vi-

222 3179 289 3253 deo
314 3182 480 3283 suturam,
500 3188 616 3259 vicino
635 3188 781 3261 Caesare
794 3189 820 3257 ⁸.
842 3185 1077 3257 Tabellarium
1102 3209 1218 3257 meum

222 3306 328 3379 hodie
353 3325 602 3410 exspectamus.
640 3314 714 3389 Nos
748 3315 792 3387 do
817 3314 905 3387 Pilia
939 3327 975 3385 et
999 3312 1120 3384 Attica
1144 3335 1218 3381 cer·

222 3436 326 3507 tiores
352 3436 464 3510 saciet.
