2648 4822
426 449 464 497 m
488 448 678 499 nrrsronss
981 430 1054 532 487

51 549 90 609 32
114 543 206 625 ldest,
227 547 300 607 dnm
321 547 429 607 adme
449 549 579 631 accedis,
599 552 630 610 in
650 551 754 609 itinera
774 553 899 610 nimium
918 551 1055 618 laborare

90 664 121 717 et
141 653 305 734 defatigari.
330 653 441 714 Victor.
463 658 539 716 Ante
559 655 726 718 Victor-ium
747 656 778 717 in
797 669 849 719 tua
868 679 908 719 m.

50 761 90 822 33
112 761 143 821 si
164 782 224 822 non
244 760 282 821 ad
303 782 351 820 me
374 765 463 822 venit

53 869 92 946 34
111 868 300 928 Manifestum
321 867 464 928 mendum
494 869 554 927 iam
575 866 889 950 Corrad.,-Msnutius
910 881 941 930 et
959 870 1057 931 Erne-

91 978 162 1035 stius
182 975 328 1036 viderunt.
349 975 423 1034 Nam
446 995 500 1034 eae
520 972 592 1035 ldus
612 973 729 1034 dudum
755 978 977 1057 praeterierant.
998 978 1058 1038 Er-

90 1085 200 1143 nestius
219 1093 335 1142 tantum
357 1082 450 1164 Mai,
469 1102 526 1163 ego
542 1094 705 1165 utrumque
719 1084 802 1142 uncis
816 1082 935 1166 inclusi,
950 1084 1058 1147 Scbttta

91 1199 254 1270 utrumque
274 1191 381 1248 omisit.

488 1403 625 1464 DXClV.

60 1639 69 1676 1
94 1617 187 1693 Quod
207 1615 256 1677 hic
277 1617 382 1677 Cicero
412 1614 514 1676 scribit
542 1614 580 1676 de
612 1615 818 1695 columnatio,
845 1614 989 1696 honest,
1021 1618 1059 1679 de

92 1723 206 1784 tributo
227 1727 257 1785 in
277 1723 406 1804 singulas
427 1723 580 1784 columnas
600 1722 774 1806 pendendo,
789 1724 827 1783 ad
841 1723 937 1806 legem
954 1725 1058 1787 luliam

92 1834 286 1891 sumtnariam
307 1831 496 1892 referendum
518 1830 668 1913 arbitror,
689 1834 772 1912 quasi
793 1830 849 1892 lul.
871 1832 981 1892 Caesar
1002 1835 1060 1892 sin-

94 1938 170 2019 gufis
190 1940 353 2018 columnis,
380 1960 457 2021 quae
478 1946 585 2021 postea'
601 1941 805 2020 erigerentur,
832 1939 979 2000 tributum
1001 1944 1058 2001 im-

95 2048 245 2128 posuerit,
266 2057 301 2107 ut
320 2046 376 2105 hac
396 2066 494 2128 poena
514 2047 719 2107 Romanorum
747 2049 860 2105 animos
888 2047 927 2106 nb
953 2049 1060 2107 insanis

94 2153 297 2214 aedificiorum
318 2154 465 2213 sumtibus
486 2165 647 2214 revocaret
679 2155 775 2213 Antea
802 2157 973 2215 monuimus
994 2154 1059 2236 (ad

94 2283 140 2342 ep.
161 2260 272 2343 DLX)
302 2261 408 2321 eadem
439 2261 504 2342 lege
536 2263 665 2320 minutos
695 2260 783 2320 fuisse
814 2272 929 2321 sumtus
961 2261 1062 2344 sepul-

95 2368 245 2430 cbmrum.
277 2370 394 2430 Bosius.
427 2367 688 2428 Columnariorum
722 2370 857 2428 meminit
888 2368 998 2429 Caesar
1027 2367 1060 2428 B.

95 2477 148 2535 civ.
171 2476 236 2554 lll,
263 2477 325 2552 ,βαι
357 2473 458 2536 Multa
477 2507 519 2520 -
537 2473 582 2534 ad
610 2475 770 2535 avaritiam
792 2475 1060 2555 excogitabantur:

95 2571 246 2665 in⁶'eapita
272 2583 391 2663 singula
418 2602 566 2642 serronem
592 2603 631 2642 aa
659 2583 828 2642 libertomm
849 2581 987 2642 tributum
1007 2578 1064 2641 im·

91 2693 272 2770 ponebam,-
293 2692 496 2770 columnaria,
516 2688 654 2764 ostiaria,
667 2690 851 2772 firmentum
864 2723 906 2735 -—
918 2710 1007 2750 amaa
1021 2725 1063 2735 -

94 2811 226 2858 vacuatae
257 2797 480 2881 imperabantur
509 2798 553 2880 (a
583 2797 806 2881 Pompeianis).
841 2797 920 2859 Vide
950 2820 986 2859 ne
1015 2799 1063 2858 al·

97 2906 159 2964 lam
190 2905 373 2980 debeamus,
406 2906 503 2985 idest,
538 2927 633 2989 cura,
664 2916 699 2967 ut
727 2905 844 2966 nullum
876 2906 1062 2987 debeamus,

96 3015 220 3095 enitere,
242 3023 276 3072 ut
295 3013 502 3073 columnarum
522 3034 683 3074 numerum
704 3013 769 3094 lege
789 3011 980 3096 praefinitum
1001 3034 1063 3074 non

97 3139 244 3202 superem.
266 3120 359 3180 Aldus
380 3142 448 3181 curn
470 3120 532 3180 aliis
553 3119 701 3181 nonnullis
730 3122 949 3182 columnarium
979 3119 1062 3195 vide,

97 3249 133 3286 ne
153 3226 332 3300 debeamus3
351 3227 434 3308 qnod
455 3230 544 3287 etiam
563 3227 702 3288 Ernestio
722 3226 879 3310 placebat,
905 3228 995 3310 idqne
1015 3248 1065 3287 va·

97 3331 138 3393 let
159 3345 262 3394 contra
282 3335 480 3416 Mongaltium
501 3335 652 3417 aliosque,
683 3337 735 3416 qni
761 3334 935 3418 explanant,
955 3332 1064 3394 multas

98 3439 249 3502 adhibebo
270 3441 442 3521 columnas,
473 3444 587 3502 etiamsi
617 3463 714 3526 poena
741 3442 814 3523 legis
838 3442 973 3502 mulctes.
994 3440 1063 3502 vid.

96 3569 142 3628 ep.
163 3550 323 3627 DXXXV,
350 3573 373 3610 r.
406 3550 533 3611 Secutus
564 3572 629 3610 sum
661 3550 850 3628 Ernestium,
876 3553 928 3631 qui
951 3560 981 3609 et
1001 3550 1065 3631 ipse

60 3672 64 3677 ·
98 3653 258 3714 editionem
279 3657 334 3715 Ro.
356 3668 474 3717 secutus
494 3668 546 3716 est
568 3657 670 3739 Vulgo
690 3657 755 3718 vide
775 3679 812 3717 ne
832 3657 960 3727 nullum
982 3653 1066 3737 quod

97 3772 182 3821 sonat
211 3760 293 3822 idem
318 3784 352 3822 ac
372 3763 437 3824 vide
457 3779 488 3826 ut
506 3764 641 3846 aliquod
673 3767 801 3826 Dixisset
823 3764 929 3824 Cinero
949 3763 1014 3823 vide
1035 3774 1066 3821 nt

98 3868 221 3929 nullum.

59 3994 77 4032 2
100 3974 166 4034 Hoc
187 3989 244 4056 est,
266 3976 362 4037 solum
383 3998 446 4040 esse
466 3980 627 4063 Catonem,
642 3993 671 4043 et
685 4003 703 4043 a
715 3978 867 4042 tutoribus
882 3977 1065 4039 destitutum.
