2648 4822
231 441 305 544 474
597 459 871 511 aruoramonru

235 566 271 629 13
291 563 375 645 Quid
395 565 456 624 istis
476 561 599 646 placeat

234 674 272 752 ¹4
291 670 387 751 Quod
407 669 544 732 scribam.
564 660 570 671 ’

649 882 831 943 DLxxxv.

235 1121 246 1163 1
271 1103 360 1181 Quae
381 1103 420 1161 ait
439 1098 507 1175 illa,
533 1108 616 1160 certo
639 1096 763 1158 divinari
785 1116 845 1157 uon
864 1106 970 1179 potest.
992 1095 1121 1156 Videtur
1139 1107 1244 1158 tamen

271 1208 311 1269 ad
332 1206 455 1291 aliquod
474 1205 637 1268 Terentiae
656 1204 768 1265 fantum
787 1206 946 1287 pertinere.
967 1198 1085 1264 Schir'rz.
1102 1203 1184 1264 Tum
1199 1226 1244 1264 ce-

271 1317 385 1390 leritas,
406 1313 466 1376 scil
487 1316 518 1375 in
536 1313 713 1375 nuntiando.

231 1444 250 1485 a
272 1423 448 1485 Humanum
468 1441 588 1483 sensum
609 1419 768 1482 malorum.
789 1417 886 1480 Idem.

230 1531 250 1592 ³
273 1529 358 1616 Quid
375 1531 454 1592 enim
473 1530 543 1590 novi
565 1526 627 1590 est?
645 1540 842 1589 verumtamen
862 1525 1081 1609 exspectabam.

229 1637 372 1718 didest,
398 1638 541 1700 Pisonem
566 1639 792 1719 argentarium,
822 1634 916 1696 sicubi
947 1636 1058 1717 poteris
1085 1634 1125 1696 de
1144 1655 1242 1719 auro,

270 1746 450 1825 eonveniea3
471 1741 575 1804 confer
595 1763 642 1825 ep.
664 1743 834 1825 cmlx,
855 1741 883 1802 3.

230 1848 252 1912 5
272 1850 357 1932 Tibi,
379 1849 504 1935 seilicet,
525 1860 643 1910 tantum
663 1852 808 1933 pecuniae
829 1848 1003 1932 adsignetur
1015 1848 1054 1910 ad
1068 1849 1243 1912 solvendum

272 1978 329 2042 pro
348 1956 442 2019 hortis
463 1957 536 2017 mihi
557 1956 710 2034 emendis,
730 1969 876 2038 quantum
898 1956 947 2018 ille
967 1957 1039 2019 mihi
1061 1956 1152 2019 debet
1171 1958 1242 2043 (ep.

271 2064 399 2126 DXLlll
412 2067 433 2144 l.
455 2064 622 2128 Auribuere
643 2076 687 2127 est
708 2065 893 2146 adscribere,
912 2064 1085 2145 adsignare,
1113 2068 1190 2146 sive,
1209 2078 1244 2128 ut

272 2170 384 2233 Schuu
403 2181 522 2249 monet,
541 2170 656 2232 solvere
676 2191 732 2254 per
753 2169 978 2253 delegationem.
1000 2171 1060 2231 Cir.
1081 2169 1158 2231 Phil.
1171 2169 1243 2234 xlv

272 2290 368 2342 eam:
401 2280 581 2364 Quaestum
606 2277 688 2340 arbre
716 2278 762 2340 nd
787 2299 856 2340 eam
875 2299 938 2340 rem
964 2281 1125 2362 pecuariam
1144 2277 1242 2354 dom,

258 2389 450 2471 atomum,
470 2374 580 2450 solvere
600 2388 727 2450 rubeant
748 2387 835 2448 Verr.
855 2388 886 2465 1,
911 2386 967 2448 13:
993 2386 1041 2450 Ne
1066 2385 1178 2448 diutius
1201 2400 1243 2448 te-

272 2516 378 2569 neam,
396 2497 526 2578 pecunia
545 2496 686 2557 attributa
705 2508 861 2557 numerata
880 2507 932 2555 eet.

232 2603 254 2666 6
274 2605 442 2685 Cognosces
464 2604 502 2664 ab
523 2604 637 2684 Erote,
667 2614 814 2687 quantum
835 2603 921 2664 nobis
941 2624 960 2662 a
978 2601 1109 2664 Faberio
1130 2601 1242 2663 debea-

273 2722 332 2772 tur.
351 2711 469 2773 Manat.

233 2818 349 2902 7Epp.
377 2819 501 2879 CCXIX
532 2830 563 2880 et
593 2818 824 2902 ecxxxvm,
858 2841 880 2878 ι.
903 2818 1105 2880 Ariobarzani
1129 2818 1242 2879 habent

225 3008 227 3010 q
272 2925 339 2986 libri
360 2925 423 2987 fere
443 2946 567 3008 omnes,
598 2937 717 3009 praeter
743 2926 817 2985 lens.
839 2938 870 2987 et
890 2924 996 2986 Lamb.
1016 2947 1074 3008 pro
1094 2925 1243 2986 Ariobar-

273 3033 372 3104 zanis‚·
393 3033 650 3114 quemadmodum
671 3034 708 3095 de
729 3054 803 3095 voce
824 3035 956 3095 Isocrati
978 3033 1091 3094 factum
1116 3034 1243 3094 vidimus

274 3160 322 3221 ep.
337 3141 456 3223 XXVI,
476 3152 539 3203 not.
553 3142 589 3221 4,
610 3153 641 3203 et
661 3142 699 3204 de
719 3163 794 3203 voce
818 3143 994 3224 Theophani
1014 3162 1060 3224 ep.
1082 3140 1244 3221 cccxu,

273 3257 336 3307 not.
356 3267 407 3339 .¹⁰'

232 3350 253 3414 8
272 3352 449 3434 Praevenit‚
469 3357 585 3437 inquit,
607 3377 656 3417 me
677 3357 796 3418 Sextius
817 3357 883 3418 loca
904 3367 934 3418 et
954 3358 1045 3418 lautia
1065 3354 1242 3438 praebendo

273 3463 353 3522 iussu
376 3462 519 3542 Senatus,
538 3474 573 3525 ut
594 3464 708 3525 solebat
727 3463 792 3526 fieri
813 3465 916 3547 legatis
937 3475 1130 3526 externorum
1149 3485 1245 3547 popu·

271 3565 371 3629 lorum
392 3581 422 3630 et
442 3570 563 3652 regibus
583 3573 712 3631 Romam
727 3572 921 3633 venientibus.
937 3574 1088 3631 Assentior
1103 3574 1182 3631 enim
1196 3574 1242 3649 iis,

271 3678 323 3757 qui
350 3697 406 3758 pro
431 3677 554 3760 vulgato
577 3680 730 3762 parochus
754 3680 913 3762 publicus,
939 3677 1073 3738 scribunt
1095 3679 1241 3761 parochis

270 3783 400 3865 publicis
418 3797 603 3870 (παροχαῖς).
622 3787 651 3847 Ι.
664 3788 702 3848 F.
720 3787 847 3848 Gronov.
862 3787 1016 3848 Pamchus
1035 3797 1079 3845 est
1090 3806 1109 3844 o
1121 3796 1239 3870 παρὲχω

269 3892 421 3972 praebeo,
447 3896 519 3976 quia
545 3898 708 3977 peregrinis
733 3894 825 3955 salem
850 3906 881 3955 et
900 3893 980 3975 ligna
1000 3892 1184 3976 praebebat,
1205 3904 1243 3953 ut

274 3999 368 4079 inquit
382 4001 480 4062 Aaron
495 4000 533 4061 ad
546 4001 618 4063 Hor.
634 4004 729 4065 Serm.
742 4023 794 4063 seu
805 3999 1124 4084 sae1,5,46.u0mine
1139 4010 1240 4059 autem
