2648 4822
167 416 231 490 rm
519 435 690 484 rrrsrom
716 435 819 484 onxv.
938 436 967 483 Α.
987 434 1018 482 v.
1037 439 1065 483 c.
1084 437 1129 500 ‚as

157 544 260 614 bonis
287 540 512 639 acquiescam.
538 542 660 640 Itaque
685 554 721 610 et
747 539 853 611 domo
879 536 1019 634 absum,
1045 554 1082 612 et
1107 542 1152 612 fo·

158 696 220 765 ro⁷
246 666 341 768 qood
366 692 430 738 nec
456 692 536 738 eum
561 665 741 762 dolorem,
775 692 878 766 quem
904 691 922 736 a
949 690 985 737 re
1012 664 1150 765 publica

158 796 281 894 capi0‚
317 793 441 865 domus
474 795 543 865 iam
575 792 749 865 consolari
775 805 913 891 potest,
942 816 1007 863 neo
1032 792 1151 865 dome-

157 923 283 993 sticum
308 947 363 992 res
389 918 537 1018 publica.
564 921 646 1011 Quo
671 921 780 1017 magis
800 933 833 991 te
851 933 1032 1019 exspecto,
1051 935 1151 1020 teque

157 1048 276 1120 ridere
310 1072 416 1146 quam
447 1047 600 1145 primum
632 1048 746 1145 cupio.
778 1047 891 1117 lllaior
915 1045 999 1115 mihi
1025 1044 1150 1117 levatio

158 1173 273 1245 allerri
298 1172 391 1244 nulls
417 1186 552 1272 potest,
577 1197 681 1271 quam
707 1171 908 1243 coniunctio
934 1170 1152 1242 eonsuetudi-

157 1302 211 1373 nis
237 1325 505 1399 sermonumque
537 1313 757 1370 nostrorum:
793 1324 1006 1398 quamquam
1036 1323 1152 1396 spera-

157 1424 259 1522 bam,
297 1441 395 1497 tuum
428 1424 619 1498 adventum
638 1441 667 1474 ¹²
701 1425 777 1512 (sic
811 1426 904 1496 enirn
940 1423 1151 1510 audiebam)

158 1554 449 1651 appropinquare.
475 1553 553 1648 Ego
579 1564 695 1623 autem
722 1548 829 1651 quu'm
855 1549 971 1621 mullis
1002 1550 1047 1622 de
1073 1576 1152 1621 cau-

157 1677 202 1748 sis
230 1691 263 1747 te
289 1690 418 1774 exopto
443 1702 549 1776 quam
574 1678 726 1776 primum
755 1676 892 1774 videre3
924 1689 1001 1747 tum
1027 1650 1166 1768 etiamf

157 1816 196 1874 ut
221 1816 302 1872 ante
328 1816 605 1876 commentemur
629 1804 722 1875 inter
745 1828 827 1899 nos,
849 1829 917 1903 qua
942 1801 1077 1872 ratione
1095 1827 1152 1873 no

154 1925 210 1998 bis
237 1926 491 2000 traducendum
516 1929 562 2000 sit
585 1928 655 2002 hoc
681 1944 836 2028 tempus,
856 1927 953 2027 quod
970 1941 1023 1999 est
1041 1940 1154 1999 totum

157 2051 203 2122 ad
228 2053 329 2124 unius
346 2056 375 2103 ¹³
402 2053 621 2128 voluntatem
646 2053 1003 2150 accommodandum,
1020 2066 1057 2125 et
1075 2079 1154 2151 pru·

158 2173 290 2276 dentis,
315 2192 352 2250 et
375 2178 544 2280 liberalis,
560 2196 614 2278 et,
628 2195 669 2253 ut
694 2178 1072 2280 perspexissc'videor,
1088 2204 1153 2250 nec

157 2327 176 2372 a
203 2329 259 2374 me
286 2303 402 2402 alieni,
419 2321 455 2378 et
479 2306 543 2378 tibi
569 2309 768 2380 amicissimi
783 2305 821 2376 ¹4.
838 2305 946 2398 Quod
972 2332 1081 2404 quum
1105 2308 1152 2376 ita

126 2478 131 2492 .
156 2429 202 2499 sit
211 2485 222 2528 7
248 2457 392 2528 magnae
418 2447 616 2506 esttamen
641 2433 917 2531 deliberationis,
949 2457 1038 2532 quae
1064 2433 1151 2503 ratio

156 2557 202 2626 sit
227 2557 378 2629 incunda
404 2559 528 2659 nobis,
554 2586 625 2632 non
652 2560 777 2658 agendi
802 2558 952 2660 aliquid,
975 2558 1039 2630 sed
1063 2557 1151 2629 illius

157 2705 323 2753 concessu
345 2685 373 2732 ¹⁵
399 2697 434 2755 et
458 2684 630 2759 beneficio
656 2686 866 2786 quiescendi.
891 2684 989 2756 Vale.

578 2939 741 3011 DLXVI.
887 2982 940 3036 (Ad
957 2981 1007 3022 niv.
1026 2980 1069 3036 lv,
1088 2980 1129 3033 ra)

155 3106 373 3182 Argumentum.
395 3113 436 3169 lll.
458 3115 591 3175 Marcelli
613 3118 733 3175 caedem
756 3120 881 3178 nuntiat.

272 3313 324 3364 Srr.
345 3315 451 3366 illhrnia
470 3320 499 3368 A.
520 3319 552 3371 V.
571 3320 599 3371 C.
620 3321 762 3387 necilli,
781 3322 847 3391 prid.
868 3322 925 3373 Kal.
946 3322 1038 3372 lunias.

303 3487 384 3548 SER.
410 3489 611 3555 SVLPlClVS
638 3496 680 3556 ll.
706 3495 893 3559 CICERONI
920 3498 948 3557 ὁ.
975 3494 1010 3553 Ι).

203 3670 283 3742 Etsi
316 3675 412 3773 scio,
447 3703 518 3750 non
551 3682 872 3755 iucundissimum¹
907 3683 1070 3753 nuntium
1101 3706 1154 3755 me

154 3793 255 3868 voliis
282 3798 487 3876 allaturum:
526 3821 666 3906 tamen,
699 3811 867 3910 quoniam
900 3835 999 3881 casus
1033 3824 1069 3881 et
1094 3838 1154 3881 na-

151 3935 225 3997 tura
253 3926 287 3998 in
316 3928 450 4003 nobis²
475 3932 691 4034 dominatur,
722 3938 835 4009 visum
861 3949 914 4009 est
938 3935 1153 4010 laciendum>
