2648 4822
169 415 212 490 16
511 430 684 482 mrsrom
708 434 835 483 uxvrn.
950 434 981 481 r.
996 438 1029 483 v.
1046 438 1075 483 c.
1096 437 1143 500 με

162 540 416 613 Verumtamen
442 536 546 609 aliam
571 536 829 609 aberrationem
854 563 875 608 a
901 536 1071 612 molestiis
1087 542 1167 614 nui-

88 751 91 757 ,
162 664 233 738 lam
257 665 435 738 babemus.
464 663 538 737 Vbi
569 665 697 762 igitur,
728 663 885 764 inquies,
919 662 1167 767 philosophia?

162 793 241 866 Tua
266 791 409 897 quidem
432 792 470 864 in
495 789 628 889 culina,
654 814 731 863 mea
756 789 905 863 molesta
929 805 1021 864 cst³.
1046 793 1165 869 Pudet

161 921 256 993 enim
287 919 426 993 servire.
461 919 585 1018 Itaque
619 915 710 989 facio
743 943 800 988 mc
831 915 915 990 alias
941 944 995 990 res
1021 944 1124 1017 agere
1141 922 1166 1019 ³,

159 1071 207 1120 ne
233 1046 431 1121 convicium
455 1044 614 1120 Platonis
640 1041 789 1116 audiam.
815 1045 869 1117 De
895 1044 1096 1145 Hispaniat
1116 1047 1168 1119 ni-

158 1171 209 1244 bil
235 1171 351 1246 adbuc
376 1172 484 1269 certi,
519 1169 608 1244 nibil
642 1170 789 1244 omnino
822 1171 916 1245 novi.
942 1171 995 1243 Te
1020 1169 1163 1273 abesse,

157 1323 235 1371 mea
261 1324 365 1371 causa
391 1297 539 1372 moleste
564 1297 657 1396 fero,
681 1311 742 1371 tua
768 1296 905 1395 gaudeo
922 1299 948 1368 ⁵.
974 1297 1043 1370 Sed
1068 1297 1164 1398 flagi-

157 1437 210 1497 tat
235 1423 444 1497 abellanas.
461 1424 607 1497 valebis
631 1424 756 1524 igitur,
779 1449 923 1525 meque,
940 1437 981 1497 ut
1005 1451 1025 1497 a
1050 1451 1161 1526 puero

155 1549 291 1650 fecisti,
316 1548 459 1623 amabis.

609 1801 748 1880 DXJX·
886 1844 945 1905 (nt
959 1844 1013 1891 nn.
1029 1845 1076 1904 ur,
1093 1846 1135 1903 ω)

154 1979 372 2058 Argumentum.
395 1982 477 2042 inter
496 1981 611 2042 Niciam
632 1992 663 2043 et
684 1980 809 2044 Vidium
836 1980 925 2042 iudex
947 1983 977 2042 in
997 2003 1103 2054 causa,
1123 1991 1157 2042 ut

192 2087 325 2160 videtur,
344 2091 533 2170 pecuniaria,
553 2092 752 2162 constitutus,
771 2088 856 2171 quod
876 2091 1092 2170 grammaticus
1105 2090 1156 2149 Ni·

190 2195 250 2255 cies
270 2205 350 2267 crat,
370 2217 425 2278 per
445 2197 546 2257 iocum
567 2196 607 2256 ad
626 2199 841 2278 grammaticos
861 2195 983 2257 alludit:
1004 2199 1095 2259 etiam
1115 2195 1154 2260 da

51 2316 56 2325 ·
189 2300 223 2364 Ρ.
244 2301 346 2388 διιῌαε
366 2314 464 2367 morte
484 2306 584 2366 iocose
605 2302 718 2369 scribit.

343 2528 398 2584 Sor.
417 2527 512 2580 Itomae
532 2530 561 2579 Α.
581 2529 614 2580 V.
633 2529 664 2580 C.
683 2527 816 2582 occvrll
835 2529 951 2581 ineunte.

265 2725 309 2790 n.
334 2726 370 2788 r.
395 2725 541 2791 cronno
565 2726 598 2789 r.
623 2684 915 2794 nomunlrm
940 2726 971 2791 s.
996 2726 1034 2789 n.

192 2938 275 3016 bion
300 2966 378 3014 sum
403 2936 506 3014 ausus
532 2938 650 3014 Salvio
675 2953 831 3015 uostro²
856 2939 944 3013 nibil
974 2941 1020 3013 ad
1048 2956 1081 3014 te
1107 2942 1146 3013 ii-

144 3048 297 3140 terarum
331 3054 433 3140 darc
457 3065 533 3141 Nec
566 3065 763 3141 mehercule
797 3066 990 3166 habebam,
1016 3067 1144 3169 quod³

142 3193 348 3293 scriberem,
383 3194 519 3274 uisite
553 3221 573 3267 a
608 3221 664 3266 me
698 3193 902 3268 mirabiliter
935 3195 1065 3266 amari:
1102 3194 1144 3266 de

141 3345 236 3421 quo,
261 3321 366 3394 etiam
390 3319 479 3393 nibil
505 3321 680 3394 scribente
706 3346 781 3422 me,
805 3335 841 3395 te
866 3347 939 3394 non
966 3320 1142 3419 dubitare,

139 3461 236 3520 certo
261 3448 343 3521 scio.
379 3449 535 3522 Omnino
569 3449 655 3521 mihi
689 3450 800 3548 magis
830 3447 950 3521 literae
975 3464 1059 3522 sunt
1077 3462 1143 3522 'ex-

137 3573 350 3672 spectandae
374 3601 395 3648 a
422 3588 480 3676 te,
518 3601 624 3677 quam
644 3602 677 3664 a
717 3601 774 3648 me
808 3574 883 3648 ribi.
918 3572 1013 3649 Nihil
1047 3577 1140 3648 enim

137 3698 268 3777 Romae
293 3701 436 3802 geritur,
462 3701 559 3810 quod
584 3716 619 3775 te
644 3715 765 3804 putem
785 3703 874 3775 scire
892 3700 1054 3775 curaret:
1073 3701 1139 3774 nisi

138 3823 226 3899 forte
251 3827 338 3902 scire
365 3830 432 3928 vis,
457 3855 513 3903 me
537 3830 629 3903 inter
653 3829 791 3905 Niciam
816 3830 1004 3903 nostrum⁵
1023 3840 1060 3901 et
1075 3827 1139 3901 Vi·

138 3951 234 4028 dium
266 3955 418 4048 iudicem
453 3983 537 4034 esse.
573 3958 712 4034 Profert
746 3956 833 4032 alter
849 3960 887 4056 ⁶,
920 3970 961 4031 ut
994 3955 1136 4057 opinor,
