2648 4822
157 413 231 508 546
528 430 799 483 emortuom

577 641 739 703 nchnt.

159 879 171 920 ι
195 859 299 940 Neque
324 867 425 918 umen
451 855 492 917 ob
520 876 588 917 eam
612 852 880 938 neeessimdinem,
911 853 1174 938 pmmadmodim

196 943 364 1027 existimare
384 975 478 1047 potes.
501 964 636 1047 Quarter.
1080 1022 1083 1027 ,

156 1092 175 1135 a
197 1074 349 1155 Agrorum
370 1069 542 1132 divisionem
564 1070 618 1131 tibi
640 1090 659 1129 a
679 1069 807 1129 Caesare
827 1068 987 1129 traditam.
1012 1070 1113 1132 Ideni.

146 1179 175 1240 ‘3
198 1179 411 1258 contentione,
433 1175 627 1260 flagitatione.
648 1177 723 1237 Nam
744 1174 869 1236 ambitio
889 1179 1025 1260 proprie
1042 1188 1088 1239 est
1105 1181 1173 1262 peti-

196 1288 239 1346 tio
252 1285 416 1364 bonorum,
437 1305 517 1366 quae
536 1284 571 1346 lit
590 1282 806 1346 circumeundo
819 1281 990 1367 populum,
1006 1285 1172 1363 salutando,

194 1394 364 1476 prensando
384 1403 416 1454 et
435 1391 607 1475 flagitando.
629 1390 685 1452 Alii
706 1390 800 1452 aliter.

154 1498 177 1580 4
195 1498 357 1580 Eleganter
376 1501 441 1561 eius
459 1502 633 1583 praeposuit
654 1500 693 1569 *ᾧ
714 1497 836 1558 Sullani
852 1500 1020 1580 temporis,
1042 1511 1078 1561 ut
1098 1500 1171 1584 quod

196 1606 236 1668 ad
256 1607 490 1669 incolumitatem
511 1612 601 1670 mam
618 1609 761 1691 pertinet:
783 1602 867 1688 prius
880 1617 989 1668 autem
1003 1607 1169 1670 membrum

197 1713 311 1773 dietum
332 1725 376 1775 est
397 1727 431 1776 ut
451 1736 508 1797 pro
529 1716 632 1777 Sextio
653 1737 678 1776 c.
698 1713 734 1777 6:
755 1715 929 1798 disperion'r
948 1718 1030 1776 anni
1042 1716 1170 1802 reipubl

195 1821 395 1903 naufragium.
419 1822 546 1883 Cortius.

149 1925 176 1990 6
196 1927 355 1989 Senatores
375 1928 488 1989 bellum
509 1928 594 1990 uirile
615 1927 791 2012 abstulerat,
812 1931 843 1988 in
862 1948 1001 2011 qirorum
1016 1930 1119 2006 locum
1132 1931 1169 1992 le·

196 2038 239 2118 git
252 2056 287 2098 ex
299 2056 352 2096 sua
374 2048 469 2121 secta,
489 2040 579 2099 etiam
599 2039 764 2122 peregrinis
785 2036 912 2098 adscitis.
935 2038 1065 2100 sueton.
1078 2043 1108 2100 in
1122 2039 1167 2100 lul.

197 2164 222 2210 o.
245 2142 293 2224 76.
319 2142 427 2206 Cellar.

154 2248 177 2312 6
196 2252 292 2313 Nemo
314 2255 402 2313 euim¹
415 2264 534 2315 senator
554 2273 617 2315 esse
636 2263 770 2337 poterat,
790 2256 845 2313 uisi
865 2250 976 2314 DCCC
998 2254 1095 2316 millia
1108 2274 1168 2338 pos·

196 2358 313 2426 uideret
336 2359 415 2420 Svet.
437 2363 467 2420 in
487 2362 564 2442 Aug.
585 2361 635 2437 4¹·
655 2360 771 2421 Manut.

154 2485 172 2543 7
195 2464 299 2526 Ambr.
326 2465 361 2526 15
382 2467 523 2528 videatur.

154 2567 270 2636 teon.
293 2576 363 2633 Rec.
386 2596 454 2633 cum
480 2576 592 2657 aliquot
614 2576 722 2636 nmbb.
750 2588 780 2636 et
808 2575 876 2635 edd.
904 2577 961 2635 Ro.
990 2589 1024 2638 et
1051 2577 1168 2638 Lambi-

194 2683 294 2740 niana:
319 2683 474 2765 Quicquid
493 2705 561 2746 mea
581 2685 826 2765 consciscerem,
849 2683 884 2742 id
908 2682 938 2743 C.
959 2683 1061 2746 Cisrtii
1080 2708 1168 2747 causa

194 2807 287 2866 quum
298 2787 426 2868 seceru,
449 2812 547 2851 nasum
564 2794 733 2865 existimes,
756 2790 839 2873 quod
860 2793 911 2852 ille
931 2826 974 2836 —
996 2792 1034 2852 id
1054 2816 1102 2856 me
1122 2797 1169 2854 lm-

194 2890 261 2953 bere
280 2897 337 2954 abs
357 2909 384 2955 te
401 2909 514 2978 putato.

576 3113 738 3172 DCXLlV.

159 3340 168 3381 ι
193 3320 232 3380 Et
253 3320 300 3381 hic
323 3345 340 3382 a
361 3324 487 3385 Caesare
515 3329 700 3408 praepositus
727 3325 844 3386 videtur
872 3300 959 3387 simul
989 3352 1064 3390 cum
1092 3332 1170 3392 Orca

193 3427 282 3511 (epp.
306 3434 390 3513 sup.)
413 3436 490 3512 agris
512 3433 688 3494 dividundis.

154 3553 171 3592 2
194 3534 240 3593 td
263 3559 307 3619 ep.
329 3539 509 3601 DCXXXV.

152 3639 171 3700 3
192 3642 279 3702 Multi
301 3644 368 3704 libri
389 3661 580 3727 rogrwrceret

150 3747 171 3823 4
192 3749 268 3809 Ante
289 3751 462 3814 Schiitzium
484 3754 631 3815 edebatur
650 3754 783 3828 Athinii,
806 3766 836 3816 et
858 3756 933 3816 infra
956 3758 1103 3841 Albinio,
1117 3763 1171 3821 At·

190 3854 304 3929 binius,
327 3872 428 3920 contra
450 3866 651 3923 testimonium
672 3866 812 3923 orationis
832 3883 889 3947 pro
911 3864 1020 3928 Sextio
1035 3890 1061 3929 c.
1080 3871 1113 3951 3,
1129 3873 1171 3935 iu·

193 3967 257 4053 quit
279 3967 298 4024 l.
323 3967 357 4026 V.
381 3969 528 4050 Clericus,
551 3982 579 4032 et
600 3984 704 4034 eontra
724 3969 827 4033 Lamb.
