2648 4822
586 419 755 470 errsrons
781 418 850 468 nar.
1000 420 1029 466 a,
1047 418 1080 468 r.
1099 420 1127 466 c.
1147 414 1195 482 με

362 648 416 698 scr.
436 647 542 698 lesurae
560 646 591 698 s.
609 645 642 699 ν..
660 644 689 697 c.
709 643 860 710 nccvru,
879 659 964 695 meus
983 642 1084 693 neruo.

537 832 681 899 ClCEllO
706 832 855 897 ATTICO
881 831 911 894 S.

280 1052 292 1096 1
322 1024 376 1096 De
401 1023 570 1097 Cicerone
595 1018 712 1092 multis
737 1045 792 1092 res
822 1017 938 1118 placet
958 1034 984 1089 ¹:
1019 1043 1136 1092 comes
1169 1032 1222 1094 est

222 1150 379 1224 idoneus.
405 1148 475 1221 Sed
501 1147 546 1220 de
569 1148 681 1247 prima
706 1145 905 1247 pensione²
923 1138 1004 1217 ante
1030 1144 1222 1220 videamus.

222 1276 334 1352 Adest
360 1277 454 1347 enim
480 1273 570 1371 dies,
596 1287 631 1345 et
655 1271 713 1345 ille
739 1271 855 1344 currit.

274 1429 295 1473 2
322 1399 444 1474 scribe
451 1454 461 1498 ,
479 1424 628 1500 quaeso,
644 1396 730 1498 quid
748 1395 874 1470 referat
890 1395 991 1469 Celer
1008 1395 1117 1493 egisse
1134 1397 1223 1470 Cae-

222 1552 335 1598 sarem
361 1552 442 1611 cum
467 1523 681 1623 candidatis,
711 1536 828 1595 utrum
853 1522 927 1622 ipse
952 1522 990 1592 in
1015 1521 1224 1596 Foenicula·

223 1652 335 1747 rium,
361 1677 405 1722 an
430 1652 466 1722 in
492 1650 657 1723 Martium
683 1650 874 1748 campum³
901 1650 1039 1746 cogitet.
1064 1650 1113 1721 Et
1137 1673 1222 1721 sane

223 1776 311 1851 scire
347 1775 475 1874 velim,
510 1774 681 1877 numquid
717 1800 859 1848 necesse
891 1775 936 1846 sit
968 1774 1119 1847 comitiis
1147 1799 1222 1848 esse

94 1884 99 1893 ⁵
222 1901 363 1974 Romae.
401 1900 492 1975 Nam
526 1915 562 1974 et
592 1901 702 1975 Piliae
733 1898 1049 1974 satisfacienduml
1079 1913 1154 1997 est,
1186 1913 1222 1972 et

221 2026 341 2128 utique
367 2028 514 2100 Atticae.
597 2023 600 2029 ’

667 2281 775 2353 DLII.
941 2318 996 2377 (sa
1011 2321 1061 2365 sis
1077 2319 1135 2376 xri,
1150 2318 1197 2374 ss)

115 2509 117 2512 ,
221 2455 441 2536 Argumentum.
461 2459 508 2519 De
529 2456 623 2522 hortis
637 2457 870 2520 Transtiberinis
891 2455 1041 2527 emendis,
1060 2467 1091 2515 et
1110 2456 1149 2516 tle
1170 2478 1223 2517 ra·

260 2561 387 2626 litudinc
407 2567 531 2629 Atticae·
555 2572 562 2585 '

363 2767 416 2819 Srr.
437 2769 544 2821 Asturae
563 2770 593 2821 A.
613 2768 644 2817 V.
663 2768 690 2818 C.
711 2767 967 2833 nccv111‚mens‹·
987 2768 1076 2837 Aprili.

532 2962 675 3027 CICERO
700 2964 851 3029 ATTICO
877 2965 906 3028 S.

265 3120 366 3249 lige,
402 3163 444 3221 ut
478 3148 554 3223 heri
593 3149 639 3222 ad
671 3164 705 3223 te
738 3153 861 3250 scripsi
880 3166 904 3249 ¹,
937 3151 967 3223 si
1000 3166 1035 3222 et
1059 3150 1218 3234 Silius’u

215 3272 339 3374 fuerit,
376 3299 479 3376 mem
518 3289 556 3347 tu
593 3292 718 3377 putas,
756 3304 820 3349 nec
846 3279 980 3351 Drusus
1017 3276 1153 3348 sacilem
1179 3305 1217 3350 sc

214 3400 433 3498 praebuerit,
464 3402 750 3501 Damasippum²
783 3402 891 3477 velim
917 3401 1125 3501 aggrediare.
1158 3405 1218 3500 Is,

215 3525 361 3624 opinor,
385 3526 434 3598 ita
460 3541 575 3624 partes
601 3528 684 3600 lecit
707 3529 745 3601 in
769 3528 873 3629 ripa³
899 3528 1018 3599 nescio
1045 3540 1217 3628 quoteno-

215 3672 293 3721 rum
318 3649 492 3748 iugerum,
517 3665 556 3724 ut
582 3667 676 3725 certa
702 3655 813 3754 pretia
839 3655 1088 3751 constitueret,
1125 3646 1215 3753 quae

215 3774 301 3847 mihi
325 3790 410 3849 nota
427 3803 509 3883 ‚non
533 3793 624 3852 sunt.
650 3779 786 3852 Scribes
812 3778 938 3853 adme
964 3780 1090 3876 igitur,
1115 3779 1215 3877 quic-

213 3899 299 3998 quid
324 3902 441 4000 egeris.
467 3904 705 3979 Vehementer
730 3930 785 3978 me
811 3904 964 3980 solicitat
989 3903 1127 3978 Atticae
1152 3927 1215 3974 no·
