2648 4822
463 441 498 485 ru
527 439 714 486 crissoars
1014 415 1087 507 403

127 543 296 621 pecuniaria
316 540 463 601 dicuntur.
485 540 594 601 Sensus
615 540 732 600 videtur
752 559 827 600 esse:
842 560 881 600 ne
895 560 945 603 aes
958 539 1089 604 alienum

100 659 104 668 ⁴·
130 648 242 729 facere,
263 657 293 708 et
313 646 421 707 deiude
441 667 550 728 negare
572 646 672 706 discat.
700 645 768 707 Hoc
787 645 858 707 mibi
879 645 997 707 videtur
1017 669 1089 730 pro-
1176 625 1179 635 Δ

128 753 271 831 habilius,
291 776 381 836 quam
403 757 498 814 irrisio
518 755 663 836 inscitiae,
684 774 774 835 quam
796 753 840 813 bis
852 753 964 832 Bursae
985 775 1089 838 expro-

127 861 206 919 brari
227 873 312 943 putat
331 863 490 922 Manutius.
512 862 552 921 Et
565 861 612 921 ille
625 862 720 922 Bursa
734 883 830 944 nuper
843 864 995 922 restitutus
1010 873 1090 944 erat,

127 968 206 1027 unde
233 981 301 1051 apta
328 972 438 1029 mentio
466 971 529 1030 eius
558 967 809 1030 antecedentibus.
835 969 948 1031 Emere.
971 968 1090 1029 Mordet

127 1076 251 1136 Bursam
271 1078 422 1136 inimicum
443 1098 549 1156 suum,
563 1097 608 1159 ep.
622 1076 790 1155 chxxl,
804 1097 835 1155 a,
847 1075 925 1136 Phil
940 1077 1026 1156 Xlll,
1045 1098 1089 1136 ια.

127 1183 230 1243 bamb.
252 1195 334 1244 recto
355 1183 459 1244 ordine
480 1185 609 1245 Plancus
628 1186 751 1254 Bursa,¹
785 1183 837 1244 sed
858 1185 918 1243 sine
938 1183 1038 1261 libris,
1059 1193 1089 1244 et

127 1293 188 1350 sine
209 1294 393 1373 necessitate,
414 1313 508 1372 quum
528 1291 599 1353 elias
619 1294 709 1352 etiam
730 1291 879 1352 interdum
897 1302 1089 1372 praepostere

127 1401 246 1458 uomina
267 1410 297 1460 et
317 1402 478 1479 agnomina
496 1401 592 1482 posita
612 1421 630 1457 a
651 1398 711 1460 Cic.
731 1399 891 1460 videamus.

92 1527 127 1587 ¹9
149 1505 345 1588 Hispaniensi,
377 1509 405 1566 in
436 1527 497 1587 quo
530 1518 595 1567 tum
622 1505 797 1568 versabatur
815 1499 989 1585 Dolabella,
1023 1525 1080 1587 epp

129 1614 246 1692 DXXl,
269 1633 286 1674 2
310 1625 340 1673 et
358 1614 464 1675 DLlll.
1061 1638 1063 1643 ⁴

90 1742 129 1781 ao
150 1721 330 1803 Progredior
351 1720 487 1783 dicendo.

88 1848 124 1886 21
149 1829 266 1889 locatur
286 1828 324 1888 de
341 1828 443 1889 Sullae
454 1839 569 1910 morta,
582 1839 616 1889 ut
629 1827 667 1889 de
683 1829 782 1888 Cassio
797 1827 866 1888 lacit
879 1828 909 1886 in
924 1847 971 1908 ep.
985 1846 1045 1906 seq.
1060 1845 1088 1884 a.

128 1936 274 1995 Nimirum
294 1935 343 1996 bic
364 1935 463 2017 Sulla,
482 1936 565 2018 quod
586 1947 616 1996 et
636 1947 722 1996 auten
734 1936 887 1995 Dictatore
906 1943 1014 2016 patruo
1035 1950 1090 1993 suo

59 2074 62 2082 ·
130 2044 162 2100 L.
185 2041 284 2123 Sulla,
304 2053 334 2102 et
354 2054 456 2123 postea
477 2043 616 2125 Caesare,
638 2045 869 2122 proscriptorum
889 2041 998 2100 civium
1011 2037 1091 2097 bona

129 2170 228 2209 emere
248 2161 456 2229 consueverat,
487 2150 599 2234 populo
619 2152 649 2209 in
669 2149 771 2232 primis
792 2147 861 2208 odio
883 2158 967 2226 erat,
997 2156 1030 2205 ut
1050 2147 1091 2206 ait

129 2259 290 2318 Manutius.

89 2385 126 2421 aa
149 2366 215 2422 bnt.
237 2366 419 2446 Augustinus
450 2365 543 2426 sciret.
574 2363 671 2425 Sobel
700 2364 862 2440 nimitum,
892 2382 931 2421 au
955 2370 1091 2421 morasus

136 2471 233 2530 suerit

91 2580 128 2635 23
152 2579 218 2637 Msti
246 2577 331 2657 Ego,
351 2592 446 2637 cetera
466 2583 519 2660 qui
538 2581 639 2638 arumo
659 2598 755 2660 aequo
768 2577 853 2658 sero,
874 2595 964 2635 murm
984 2592 1091 2633 vereor.

129 2685 190 2744 Sed
209 2688 279 2766 quia
300 2696 415 2745 tantum
437 2686 474 2746 de
496 2697 591 2747 morte
612 2685 712 2746 Sullae
743 2696 787 2747 est
814 2704 927 2760 sermo,
953 2683 1021 2743 ideo
1041 2703 1088 2742 ce·

131 2807 192 2852 tera
213 2796 267 2875 qni
287 2796 412 2854 inritavit
434 2795 582 2854 Victorius
607 2797 637 2853 in
667 2794 820 2875 ceteroqui.
849 2792 886 2852 Ei
909 2792 1008 2852 favent
1027 2787 1090 2848 Pol.

130 2922 174 2982 pr.
197 2913 227 2962 et
247 2902 335 2960 Pecl.

90 3008 128 3081 erl
149 3010 190 3066 Ne
212 3011 308 3068 minus
329 3029 396 3069 cans
417 3019 446 3069 et
466 3008 574 3090 cupide
599 3008 764 3068 vendantur
787 3008 867 3067 bona
889 2993 1089 3089 Pompeian‘o·

132 3136 213 3192 rum,
235 3137 312 3196 quae
334 3137 350 3173 a
370 3116 496 3175 Caesare
517 3113 674 3175 confiscata
694 3115 750 3175 sub
772 3115 855 3175 hasta
875 3111 1091 3188 vendebantur,

132 3232 249 3280 mortuo
271 3222 303 3280 Ρ.
326 3220 408 3280 Sulla
429 3234 542 3282 sectore
563 3224 631 3304 (ep.
654 3244 713 3303 seq.
736 3221 790 3304 2),
810 3223 861 3304 qui
881 3242 976 3303 quum
996 3217 1091 3278 Sulla·

132 3349 196 3385 uam
220 3328 360 3388 vibrasset
380 3328 512 3411 bustam,
528 3352 544 3388 a
560 3331 735 3392 Caesariana
749 3351 808 3389 non
823 3331 947 3390 recessit.
966 3323 1090 3386 Corrad.

547 3571 641 3629 DXX.

106 3772 112 3805 ι
139 3750 197 3808 zet.
220 3753 242 3808 l}
263 3776 328 3811 runt
349 3756 513 3817 adrenlwrt.

96 3877 113 3913 2
137 3859 212 3916 Lato
232 3860 310 3939 pileo
329 3873 359 3921 et
380 3875 500 3923 extenso
522 3867 671 3947 instructi,
691 3885 752 3946 quo
772 3864 864 3924 ferme
879 3872 1004 3923 utuntur
1017 3862 1092 3939 agri·

137 3964 218 4025 colae
238 3978 389 4030 nostrates.
411 3971 488 4033 Vide
509 3973 550 4032 lo.
570 3974 690 4034 babusii
712 3972 864 4061 epistolam
878 3974 908 4035 iu
920 3972 1023 4034 Diario
1035 3971 1091 4030 Ar-

139 4071 255 4151 cadico,
276 4076 320 4137 vol
342 4079 429 4137 etiam
450 4079 592 4141 Patauino
613 4081 654 4141 M.
675 4079 781 4164 Aprilis
806 4077 890 4140 1821.
906 4153 910 4168 χ
