2648 4822
166 434 214 509 86
498 447 667 498 rrrsrona
695 449 832 500 cxxxix.
943 447 973 496 Λ.
993 450 1027 496 v.
1045 447 1073 497 c.
1091 444 1139 510 aas

218 682 270 733 Ser.
292 681 397 731 Asturae
418 679 446 729 Α.
465 676 497 728 V.
516 677 547 729 C.
566 672 716 742 uccvttl,
734 690 835 740 mense,
854 681 883 725 ut
901 672 1020 737 videtur,
1039 673 1117 726 biart.

478 865 622 931 CICERO
648 864 798 928 ATTICO
823 864 853 927 S.

215 1058 314 1152 Quae
352 1053 552 1152 desideras,
587 1051 704 1126 omnia
737 1050 859 1151 scripsi
898 1051 935 1122 in
973 1049 1161 1148 codicillis,

64 1164 66 1169 ¹
164 1209 293 1285 eosque
329 1180 434 1260 Eroti
468 1179 572 1278 dedis,
607 1178 782 1275 breviter,
819 1175 882 1248 sed
920 1177 1026 1249 etiam
1064 1175 1160 1278 plura

164 1335 268 1410 quam
294 1309 451 1410 quaeris,
479 1307 516 1381 in
549 1307 613 1401 iis,
647 1303 690 1376 de
717 1305 885 1376 Cicerone
905 1318 938 1400 ¹3
963 1303 1064 1376 cuius
1090 1304 1162 1405 qui-

163 1434 244 1506 dem
270 1432 492 1531 cogitationis
515 1430 652 1501 initium
674 1441 711 1500 tu
730 1428 815 1504 mibi
833 1426 990 1501 attulisti.
1008 1429 1161 1501 Locutus

162 1581 238 1631 snm
266 1583 349 1629 cum
372 1582 414 1629 co
432 1571 448 1604 ²
472 1553 728 1628 liberalissime:
754 1553 850 1654 quod
869 1578 911 1626 ex
937 1555 1021 1653 ipso
1043 1553 1163 1650 velim,

162 1685 192 1756 si
217 1683 325 1755 modo
353 1681 416 1754 tibi
443 1682 508 1755 crit
530 1680 770 1779 commodum,
788 1667 973 1753 sciscitere.
992 1679 1063 1752 Sed
1080 1678 1162 1782 quid

163 1788 306 1891 dillercl
323 1808 495 1910 Exposui,
509 1822 544 1880 te
562 1832 606 1881 ex
621 1833 677 1879 me
696 1806 859 1880 detulisse
869 1807 894 1906 ³,
908 1805 1036 1907 ecquid
1053 1804 1163 1904 vellet,

163 1934 292 2036 ecquid
318 1935 523 2036 requireret:
547 1933 634 2007 velle
651 1932 877 2033 Hispaniam,
893 1934 1068 2036 requirere
1085 1932 1162 2005 libe·

162 2059 345 2139 solitatem.
363 2062 417 2135 De
434 2059 654 2158 liberalitate,
671 2061 759 2159 dixi,
776 2074 947 2161 quantum
962 2054 1162 2159 Publiliusl,

162 2199 334 2286 qnantum
358 2184 487 2259 flamen
502 2185 675 2263 Lentulus
693 2186 765 2265 lilio
776 2187 801 2258 ⁵.
819 2187 873 2260 De
890 2186 1080 2287 Hispania,
1096 2185 1161 2259 duo

160 2310 282 2414 attuli:
307 2313 460 2412 primum
484 2313 579 2386 idem
587 2368 598 2411 ,
623 2313 721 2415 quod
744 2313 829 2412 tibi,
858 2341 914 2386 me
940 2315 1055 2391 vereri
1078 2315 1160 2388 vitu·

158 2438 395 2539 perationem3
428 2464 502 2514 non
535 2441 619 2514 satis
652 2466 730 2514 esse
761 2440 795 2514 ei.
816 2441 903 2512 baec
928 2443 1068 2514 armaf·
1085 2439 1159 2516 reli·

158 2562 372 2668 quissemusl
398 2567 503 2640 ctiam
530 2565 899 2642 contrarialt'deinde
925 2567 1017 2666 lore,
1042 2579 1083 2640 ut
1106 2591 1160 2639 an·

156 2705 314 2789 geretur,
351 2719 459 2794 quum
496 2719 515 2766 a
552 2692 689 2765 fratre⁸
723 2691 955 2769 familiaritate
989 2705 1025 2766 et
1066 2690 1158 2766 omni

158 2816 266 2912 gratia
303 2817 508 2891 vinceretur.
538 2817 690 2890 Velims
724 2818 832 2916 magis
867 2815 1078 2892 liberalitate
1112 2817 1158 2890 uti

157 2964 253 3039 meu,
278 2969 382 3042 quam
408 2970 471 3016 sua
496 2942 672 3041 libertate,
694 2943 756 3016 sed
778 2958 893 3017 tamen
911 2946 1064 3043 permisi.
1081 2943 1158 3017 Tibi

159 3067 253 3137 enim
279 3066 516 3142 intellexeram
537 3096 610 3143 non
628 3071 730 3141 nimis
749 3068 941 3170 displicere.
959 3071 1038 3168 Ego
1057 3071 1157 3142 etiam

160 3205 266 3293 atque
299 3196 404 3266 etiam
437 3196 616 3294 cogitabo:
649 3210 754 3298 teque
774 3212 813 3296 ¹⁰,
842 3210 882 3268 ut
906 3195 1002 3268 idem
1035 3196 1156 3292 facias,

155 3343 267 3432 rogo.x
280 3321 407 3419 Magna
432 3349 490 3395 res
513 3332 550 3394 et
574 3321 721 3423 simplex
746 3336 800 3395 est
832 3348 973 3396 manere
994 3339 1022 3374 ¹¹
1031 3350 1042 3422 5
1073 3319 1155 3394 illud

155 3467 295 3544 anceps.
320 3445 454 3519 Verum
480 3447 685 3520 videbimus.
710 3450 764 3520 Dc
789 3448 901 3522 Balbo
919 3464 959 3545 ¹²,
978 3462 1015 3520 et
1040 3450 1078 3520 in
1103 3472 1155 3520 co·

155 3566 279 3642 dicillis
306 3573 530 3671 scripseram,
555 3575 665 3647 etita
691 3576 824 3672 cogit0,
854 3573 957 3646 simul
983 3600 1026 3647 ac
1052 3573 1154 3648 redic-

151 3694 205 3767 rit.
232 3694 292 3768 Sin
317 3696 376 3768 ille
407 3699 563 3796 tardius,
599 3725 663 3798 cgo
699 3714 816 3773 tamen
849 3699 1006 3773 triduum
1026 3702 1067 3773 ¹³.
1092 3701 1153 3794 Et,

153 3820 249 3919 quod
275 3824 456 3922 praeterii,
480 3824 663 3900 Dolabella
690 3827 796 3902 etiam
823 3822 1022 3902 mecum1l.
