2648 4822
485 457 522 505 rr
545 453 737 507 rrtsrom
1037 440 1110 540 427

116 556 153 619 16
172 555 276 619 Verba
292 569 348 619 aret
365 570 508 640 quatemus
527 578 580 618 eor
598 559 674 618 ruhi
693 557 866 642 concedere,
892 559 931 622 de
951 560 1060 622 Mureti
1081 573 1112 623 et

151 665 271 724 Graevii
291 665 434 726 sententia
453 675 489 725 ut
509 665 627 725 insititin
647 664 757 727 delevit
776 664 940 729 Sohiitnius.

115 794 151 853 ¹7
171 774 219 834 De
238 771 447 834 consolatione.
468 770 584 834 Manat.

527 1010 699 1074 nxxxttt

117 1219 128 1259 r
153 1199 235 1260 lnter
248 1220 301 1284 ea,
314 1220 392 1282 quae
405 1202 552 1283 copiosius
572 1203 689 1284 scripsi,
708 1212 778 1262 sunt
796 1212 827 1263 ct
847 1221 900 1281 ea,
911 1223 990 1283 quae
1009 1202 1049 1263 ad
1062 1202 1114 1263 ci-

152 1328 292 1368 ceronem
311 1311 467 1391 pertinent.
488 1308 596 1370 Sermo
615 1319 660 1370 est
681 1308 720 1370 de
738 1309 859 1392 Marco,
878 1309 973 1370 Marci
992 1309 1062 1371 filio.

112 1435 131 1477 a
154 1415 298 1476 Cicerone
319 1414 388 1475 filio.
413 1415 537 1477 Conari.

112 1520 206 1584 aliz
226 1544 294 1597 me,
325 1527 407 1584 iussn
437 1544 505 1584 meo
532 1522 579 1584 vel
609 1535 717 1606 rogatu
742 1533 968 1606 pemunotatum
991 1544 1055 1584 csse
1072 1544 1112 1585 ex

151 1632 217 1712 ipso
238 1629 401 1710 (Cicerone
420 1629 512 1710 lilio).
535 1628 621 1691 Velle
640 1630 844 1714 Hispaniam,
856 1630 1009 1713 respondit
1025 1629 1112 1709 mihi,

152 1756 184 1796 se
205 1740 235 1797 in
257 1737 429 1821 Hispaniam
449 1739 492 1798 ire
512 1759 622 1821 cupere
642 1737 735 1819 (cum
755 1738 881 1799 Caesare
901 1748 1005 1798 conus
1023 1737 1114 1797 Pom·

151 1846 210 1927 peii
241 1844 386 1929 liberos);
418 1866 546 1928 rogare,
572 1856 606 1906 ut
636 1849 762 1928 pecunia
792 1849 821 1908 in
848 1864 885 1907 eo
911 1849 1047 1907 iurarem
1072 1863 1114 1905 se.

153 1950 266 2013 Emest.

111 2059 231 2135 tEdd.
252 2082 297 2142 pr.
318 2081 413 2143 usque
440 2060 479 2120 ad
506 2061 593 2121 Grut.
620 2061 765 2134 Publius3
791 2060 875 2144 quod
899 2062 1045 2122 Graevius
1065 2080 1114 2121 re-

153 2170 249 2228 tinuit.

112 2273 133 2335 5
154 2274 237 2358 seit,
258 2274 341 2356 quod
362 2275 402 2335 ad
421 2274 627 2336 liberalitatem
648 2278 766 2354 attinet,
787 2275 941 2358 respondi,
952 2296 1002 2337 me
1022 2282 1126 2357 qtsans‘

153 2393 216 2442 tum
238 2382 382 2443 Lentulus
403 2381 464 2442 filio
485 2381 587 2462 dedit,
617 2394 734 2443 tantum
758 2385 786 2444 ei
811 2382 961 2443 daturum.
981 2382 1038 2442 Hic
1057 2380 1115 2444 fla·

153 2512 223 2551 men
242 2491 387 2552 Lentulus
408 2503 452 2552 est
471 2489 549 2551 filius
568 2493 632 2551 eius
652 2492 735 2550 Lucii
756 2490 875 2551 Lentuli
893 2488 1039 2569 flaminis,
1061 2490 1114 2572 qui

154 2599 303 2659 Ciceronis
324 2600 447 2659 domum
468 2600 609 2681 religione
630 2599 765 2660 liberavit
785 2598 854 2681 (ep.
874 2597 943 2679 XC,
957 2617 976 2657 ο
991 2608 1024 2658 et
1041 2596 1114 2658 Htr.

154 2726 230 2788 resp.
250 2706 296 2786 6),
318 2716 347 2765 et
360 2709 394 2767 A.
408 2706 445 2767 V.
460 2704 493 2767 C.
515 2706 680 2768 ncxcvlt
700 2718 837 2767 mortuns
858 2715 919 2789 est3
937 2726 982 2789 ep.
995 2704 1074 2785 etti,
1088 2726 1114 2769 1.

113 2813 135 2874 6
155 2815 345 2898 Pompeiano.
367 2815 482 2875 Manat.

115 2946 132 3004 7
155 2922 363 3006 subintellige,
384 2925 467 3005 sequi
488 2935 591 2984 contra
611 2923 747 3007 Pompeii
768 2924 868 3004 Magni
890 2922 1007 2984 liberos.

113 3028 134 3090 8
154 3031 308 3110 Patrnele,
331 3033 444 3110 Quinto
465 3031 608 3093 Cicerone
628 3030 705 3111 filio,
727 3034 779 3114 qui
799 3031 971 3092 familiarior
991 3039 1020 3091 et
1048 3048 1115 3110 gra·

155 3141 256 3198 tiosior
286 3151 360 3199 esset
390 3139 472 3221 apud
493 3139 672 3233 Caesapem,
703 3150 809 3222 utpote
835 3141 886 3221 qni
906 3139 1061 3222 Lupercus
1084 3140 1115 3198 in

155 3249 279 3327 gratiam
301 3246 376 3307 illius
397 3247 505 3308 fuisset.
527 3247 643 3308 Manat.

113 3374 135 3435 9
154 3353 245 3437 Volo,
265 3365 300 3414 ut
319 3357 417 3436 potius
436 3357 593 3438 pecuniam
614 3376 632 3415 a
651 3376 719 3439 me,
740 3368 881 3437 quantam
901 3353 980 3433 vult,
1001 3362 1116 3431 sumat,

155 3482 244 3541 quam
264 3464 295 3521 in
315 3454 486 3544 Hispaniam
513 3473 569 3524 eat.
596 3463 636 3524 Et
663 3463 733 3525 dicit
758 3484 816 3524 soca
836 3462 979 3540 libertate,
999 3463 1070 3542 quin
1091 3461 1114 3518 si

156 3568 197 3626 M.
217 3567 321 3628 Cicero
352 3571 380 3628 in
402 3569 573 3652 Hispaniam
603 3573 721 3653 ivisset,
753 3591 846 3652 quum
873 3569 905 3630 id
931 3569 1007 3651 patri
1028 3567 1115 3628 sciret

155 3692 216 3731 non
235 3673 367 3756 placere,
386 3680 527 3738 nimirum
547 3677 668 3739 liberius
687 3699 777 3760 agere
798 3681 876 3739 visus
895 3687 980 3740 emet.
997 3674 1115 3736 Manat.

156 3780 294 3841 Fortasse
315 3787 427 3866 scripsit
447 3786 552 3847 Cicero
575 3778 674 3848 Velim
694 3788 786 3848 illino.

123 3908 157 3947 ιο
179 3888 228 3948 Sic
248 3892 357 3949 rectius
377 3892 443 3954 edcl
465 3906 534 3954 vett.
556 3915 649 3979 usque
670 3895 709 3955 ad
729 3896 819 3955 Herv.
839 3894 939 3975 Vulgo
958 3906 1055 3974 atque.

120 4018 149 4054 tt
175 3996 277 4078 Magni
301 4009 433 4061 nostmm
454 4005 589 4082 interest,
603 4014 633 4064 et
653 4005 715 4067 sine
734 4001 867 4086 periculo
887 4021 965 4062 novo
977 4011 1037 4081 est,
1051 4020 1115 4061 ma-

156 4125 234 4162 llCl'L'.
