2648 4822
267 458 334 529 rsso
587 470 759 523 tersroaa
784 471 933 522 oaxvnr.
1039 471 1070 521 n
1087 474 1168 523 nc
1185 471 1233 536 „a

263 577 361 672 Quid
393 576 509 649 eniml
541 590 579 649 tu
616 575 709 650 solus
748 589 867 675 aperta
904 597 977 647 non
1009 573 1166 673 videbis,
1199 579 1257 678 qui

260 718 409 806 propter
444 728 590 775 acumen
623 699 855 774 occultissima
888 699 1082 801 perspicis?
1115 717 1154 772 tu
1186 728 1258 775 non

260 830 453 929 intelliges,
487 843 522 902 te
547 828 693 930 querelis
719 827 932 930 quotidianis
957 825 1044 898 nihil
1068 829 1258 927 proficere?

251 981 333 1030 uon
358 954 551 1053 intelliges,
588 952 757 1055 duplicari
791 952 1047 1050 solicitudine,
1078 980 1165 1054 quaa
1190 955 1258 1026 ele-

260 1085 379 1157 vare⁸
405 1097 441 1154 te
467 1096 526 1154 tua
552 1079 738 1180 prudentia
772 1077 953 1179 postulati
985 1077 1093 1171 Quod
1126 1081 1155 1152 si
1186 1106 1259 1153 non

260 1233 447 1308 possumus
472 1206 603 1309 aliquid
629 1207 799 1305 proficere
824 1204 1023 1303 suadendo,
1040 1206 1149 1304 gratia
1175 1232 1259 1279 con·

261 1333 436 1407 tendimus
462 1346 497 1405 et
522 1331 696 1430 rogando,
729 1333 758 1403 si
792 1329 878 1432 quid
910 1343 1030 1403 nostra
1057 1334 1258 1432 causaris,

261 1472 302 1532 ut
326 1459 401 1532 istis
427 1473 461 1532 te
486 1458 653 1531 molestiis
677 1457 795 1555 laxes,
827 1470 864 1530 et
897 1455 944 1528 ad
968 1458 1172 1531 convictum
1195 1486 1259 1532 no-

262 1598 372 1656 stmm
398 1583 536 1681 redeas,
561 1598 597 1656 et
621 1582 668 1656 ad
692 1579 1011 1655 consuetudinema
1028 1581 1085 1656 vel
1104 1600 1260 1658 nostram

263 1736 504 1808 communem,
528 1710 585 1782 vel
610 1724 706 1782 tuam
733 1709 839 1782 solius
865 1736 905 1782 ac
931 1712 1119 1810 propriam
1130 1712 1259 1812 Cupio

263 1861 336 1910 non
363 1835 559 1910 obtundere
591 1848 649 1933 te,
681 1837 710 1907 si
741 1860 814 1907 non
844 1834 1016 1908 delectare
1040 1851 1163 1910 nostro
1188 1851 1260 1910 stu-

248 1936 379 2034 Ιιίἰοῐι·
369 1964 511 2063 ,cupio
539 1892 729 2061 deteriere‚
753 1987 799 2034 ne
824 1987 1029 2061 permaneas
1053 1963 1091 2035 in
1108 1964 1260 2065 incepto.

245 2064 375 2205 ¹Nunc
393 2089 482 2161 duae
502 2103 529 2138 ¹¹
556 2114 610 2161 res
637 2066 724 2161 istae
749 2089 942 2161 contrariae
959 2114 1016 2160 me
1033 2087 1260 2162 conturbant.

232 2204 248 2237 ⁴
246 2214 477 2329 erguibus,
513 2229 574 2287 aut
609 2216 645 2286 in
679 2213 785 2287 altera
812 2213 898 2289 mihi
922 2214 1048 2315 velim,
1080 2216 1110 2288 si
1138 2230 1262 2317 potes,

245 2338 503 2454 ¹obtemperem
527 2354 589 2415 aut
613 2341 650 2415 iu
677 2339 784 2415 altera
809 2366 883 2415 nou
908 2272 1065 2416 offendis
1084 2357 1123 2415 ¹².
1148 2340 1246 2416 Vale.

681 2596 848 2669 DLXIX·
1007 2638 1060 2697 (aa
1075 2639 1128 2685 on.
1144 2639 1177 2701 v,
1194 2641 1240 2698 ιι)

242 2743 247 2847 ζ
265 2773 484 2848 Argumentum.
505 2772 678 2854 Respondet
697 2775 845 2857 superiori
866 2773 1023 2856 epistolae,
1041 2774 1144 2855 lugere
1158 2797 1189 2836 se
1202 2796 1262 2835 nou

241 2949 249 2957 ἱ
307 2886 367 2934 tam
390 2875 468 2936 filiae
488 2876 619 2950 obitum,
640 2901 731 2959 quam
755 2883 796 2939 rei
811 2878 950 2963 publicae
965 2891 1118 2964 tempora,
1131 2881 1172 2941 ob
1187 2905 1263 2964 quae

305 2978 344 3039 ab
365 2980 441 3042 urbe
461 2981 559 3055 absit,
589 2987 618 3043 iu
646 3006 706 3065 qua
726 2985 801 3046 nihil
823 2985 1004 3058 iucundum,
1029 2987 1134 3048 odiosa
1155 2991 1263 3049 omnia.

306 3085 341 3144 ln
361 3085 466 3148 studiis
486 3092 626 3172 exiguam
648 3090 829 3151 medicinam
851 3113 1013 3176 superesse.

399 3310 453 3364 Ser.
471 3313 498 3363 in
517 3314 614 3366 Antiati
634 3317 664 3368 A.
683 3315 715 3368 V.
735 3317 764 3369 C.
783 3315 934 3385 DCCVlll,
952 3334 1038 3370 menae
1056 3315 1142 3373 lunio.

470 3511 514 3573 M.
532 3511 675 3578 CICERO
692 3516 727 3578 L.
744 3515 916 3581 LVCCEIO
934 3517 971 3598 Q.
987 3516 1020 3580 F.
1038 3517 1068 3581 S.

318 3720 442 3794 Omnis
468 3749 567 3805 amor
585 3739 665 3801 tuus
683 3754 725 3802 ex
743 3729 906 3804 omnibus
922 3730 1081 3832 partibus
1098 3758 1137 3807 se
1153 3746 1267 3808 usten-

266 3845 321 3922 dit
345 3849 382 3920 in
407 3846 461 3921 his
486 3849 610 3953 literis,
636 3882 722 3956 quas
747 3883 768 3929 a
793 3870 828 3929 te
852 3858 1012 3958 proxime
1038 3861 1177 3962 accepi;
1194 3885 1267 3935 uon

267 3971 324 4058 ille
357 3974 498 4086 quidem
533 3979 618 4053 mihi
651 3983 812 4082 ignotus,
848 3982 911 4060 sed
943 3998 1062 4060 tamen
1090 3999 1208 4087 gratus
1233 4000 1268 4060 et
