2648 4822
235 408 308 504 244
586 426 757 478 semrom
781 429 898 480 uxcrr.
1016 426 1096 482 nr.
1113 431 1145 482 c.
1163 430 1212 494 με

348 658 401 710 Srs.
420 657 445 709 iu
463 656 609 708 Tusculano
628 657 658 709 t.
675 657 709 709 V.
727 657 756 708 C.
777 654 927 724 nccvm,
946 656 1013 710 Non.
1031 656 1124 728 Quint.

547 846 692 912 CICERO
716 848 867 912 ATTICO
893 847 924 910 S.

288 1064 301 1111 r
331 1038 385 1111 De
411 1034 631 1138 aquaeducto
656 1034 768 1136 probe
794 1033 914 1107 fecisti.
934 1033 1197 1111 Columnarium
1213 1053 1237 1136 ¹,

233 1162 337 1263 vide,
368 1189 413 1236 ne
449 1161 560 1234 ullum
593 1158 791 1233 debeamus.
822 1162 1045 1262 Quamquam
1070 1162 1158 1235 mihi
1184 1165 1236 1237 vi·

233 1287 320 1364 deor
345 1289 482 1362 audisse
509 1314 529 1360 a
554 1285 717 1384 Camillo,
743 1299 996 1359 commutatam
1021 1312 1097 1360 esse
1112 1286 1236 1385 legem.

284 1442 306 1488 α
332 1416 471 1515 Pisoni,
495 1411 581 1514 quid
606 1425 672 1511 est,
698 1410 795 1512 quod
819 1412 1001 1485 honestius
1021 1413 1236 1513 respondere

233 1542 425 1640 possimus,
450 1565 556 1639 quam
581 1535 806 1611 solitudinem
831 1535 1021 1611 Catonisl¹
1041 1562 1108 1610 nec
1133 1536 1237 1611 cohe-

237 1663 381 1740 redibus
401 1662 520 1738 'solum
545 1662 796 1760 Herennianis,
812 1663 875 1736 sed
892 1664 1011 1762 etiam,
1029 1676 1069 1735 ut
1091 1665 1160 1736 scis
1179 1671 1236 1751 (tu

234 1791 328 1863 euim
360 1815 499 1863 mecum
537 1789 679 1887 egisti),
716 1787 761 1860 de
794 1814 903 1888 puero
928 1788 1097 1863 Lucullo:
1129 1815 1236 1891 quam

232 1914 419 2015 pecuniam
455 1928 551 1987 tutor
579 1922 689 2002 (nam
721 1913 791 1987 hoc
821 1940 960 2016 quoque
986 1914 1130 1988 adrem
1155 1940 1236 2014 per-

233 2039 349 2125 tinet)
369 2039 385 2087 ³
410 2041 448 2110 iu
471 2037 605 2111 Achaia
632 2054 811 2112 sumserat
838 2040 907 2112 Sed
932 2042 1002 2139 agit
1025 2038 1234 2138 liberaliter,

234 2166 403 2268 quoniam
427 2177 532 2264 negat
558 2188 596 2236 se
621 2165 810 2266 quicquam
834 2165 1008 2240 facturum
1032 2179 1156 2239 contm
1174 2191 1236 2240 no-

233 2303 343 2366 stram
367 2290 597 2367 voluntatem.
622 2293 751 2366 Coram
775 2293 897 2392 igitur,
921 2305 962 2366 ut
985 2291 1129 2391 scribis,
1155 2316 1236 2366 con·

233 2417 436 2518 stituemus,
462 2417 761 2520 quemadmodum
787 2444 860 2490 rem
886 2415 1109 2517 explicemus.
1127 2416 1235 2513 Quod

232 2543 384 2644 reliquos
411 2543 601 2617 coheredes
627 2543 840 2642 convenisti,
857 2542 962 2642 plane
979 2540 1069 2615 bene
1085 2541 1235 2617 fecissit.

284 2669 306 2740 3
334 2669 443 2759 Quod
475 2667 660 2768 epistolam
692 2694 808 2740 meam
840 2668 887 2741 ad
917 2670 1065 2742 Brutum
1097 2670 1236 2768 poscis,

231 2816 308 2866 non
333 2790 448 2864 habeo
474 2794 547 2864 eius
574 2793 787 2893 exemplum,
804 2794 868 2867 sed
886 2809 1002 2867 tamen
1020 2793 1156 2867 salvum
1174 2807 1237 2894 est,

233 2929 270 2988 et
295 2918 344 2988 ait
369 2918 472 3016 Tiro,
489 2932 524 2990 te
542 2916 671 2990 habere
698 2932 863 3018 oportere
880 2922 905 2991 ⁵:
923 2934 972 3019 et,
997 2933 1037 2992 ut
1061 2919 1237 3019 recordor,

208 3055 302 3114 'una
329 3069 410 3113 cum
434 3040 524 3114 illius
551 3042 820 3142 obiurgatoria⁶
846 3045 911 3117 tibi
936 3071 1051 3118 meam
1076 3070 1236 3151 quoque,

234 3193 340 3268 quam
366 3167 517 3240 adeum
544 3171 806 3269 rescripseram,
831 3171 918 3245 misi.

283 3295 308 3389 4
333 3292 491 3366 Iudiciali
515 3292 706 3366 molestias
734 3310 774 3369 ut
800 3322 954 3394 caream,
978 3295 1125 3371 videbis.

284 3420 307 3492 5
333 3419 551 3492 Tuditanum
575 3420 698 3519 istum,
724 3447 897 3522 proavum
922 3422 1115 3521 Hortensii,
1132 3420 1236 3522 plane

233 3569 308 3618 non
340 3570 486 3642 noram,
519 3559 556 3618 et
587 3546 697 3619 filium
715 3549 741 3647 ⁸,
773 3549 835 3650 qui
866 3562 942 3621 tum
974 3573 1047 3620 non
1073 3560 1237 3647 potuerat

234 3693 309 3741 esse
334 3667 483 3769 legatus,
508 3670 612 3744 fuisse
638 3686 809 3771 putaram.
835 3675 1044 3746 Mummium
1069 3673 1173 3745 luisse
1191 3671 1237 3744 ad

234 3792 458 3894 Corinthum,
484 3823 551 3896 pro
576 3813 673 3871 certo
690 3797 815 3873 habeo.
833 3800 945 3900 Saepe
963 3800 1056 3872 enim
1073 3798 1131 3870 hic
1149 3798 1236 3898 Spu-

234 3919 305 3994 rius
322 3936 348 4018 9,
379 3922 441 4022 qui
476 3948 590 4026 nuper
622 3939 675 3998 est
706 3938 866 4000 mortuus
886 3942 927 4025 ¹⁰,
960 3923 1126 4027 epistolas
1151 3921 1236 3997 mihi
