<?xml version="1.0" encoding="UTF-8"?>
<!DOCTYPE html PUBLIC "-//W3C//DTD XHTML 1.0 Transitional//EN"
    "http://www.w3.org/TR/xhtml1/DTD/xhtml1-transitional.dtd">
<html xmlns="http://www.w3.org/1999/xhtml" xml:lang="en" lang="en">
 <head>
  <title>
</title>
<meta http-equiv="Content-Type" content="text/html;charset=utf-8" />
  <meta name='ocr-system' content='tesseract 3.04.00' />
  <meta name='ocr-capabilities' content='ocr_page ocr_carea ocr_par ocr_line ocrx_word'/>
</head>
<body>
  <div class='ocr_page' id='page_1' title='image "./mtulliiciceroni11cicegoog/mtulliiciceroni11cicegoog_0415.png"; bbox 0 0 2648 4822; ppageno 0'>
   <div class='ocr_carea' id='block_1_1' title="bbox 240 432 1251 967">
    <p class='ocr_par' dir='ltr' id='par_1_1' title="bbox 240 432 874 528">
     <span class='ocr_line' id='line_1_1' title="bbox 240 432 874 528; baseline -0.014 -20"><span class='ocrx_word' id='word_1_1' title='bbox 240 432 315 528; x_wconf 71' lang='lat'><strong>406</strong></span> <span class='ocrx_word' id='word_1_2' title='bbox 606 452 874 503; x_wconf 74' lang='lat' dir='ltr'><strong>annonariam</strong></span> 
     </span>
    </p>

    <p class='ocr_par' dir='ltr' id='par_1_2' title="bbox 245 554 1251 967">
     <span class='ocr_line' id='line_1_2' title="bbox 245 554 1251 637; baseline 0 -18"><span class='ocrx_word' id='word_1_3' title='bbox 245 580 275 618; x_wconf 84' lang='grc' dir='ltr'><strong>ιι</strong></span> <span class='ocrx_word' id='word_1_4' title='bbox 299 556 385 619; x_wconf 84' lang='lat' dir='ltr'><strong>Effiai</strong></span> <span class='ocrx_word' id='word_1_5' title='bbox 407 560 482 618; x_wconf 86' lang='lat' dir='ltr'><strong>inter</strong></span> <span class='ocrx_word' id='word_1_6' title='bbox 503 554 695 618; x_wconf 85' lang='lat' dir='ltr'><strong>difficultates.</strong></span> <span class='ocrx_word' id='word_1_7' title='bbox 716 555 813 616; x_wconf 80' lang='lat' dir='ltr'><strong>Plaut</strong></span> <span class='ocrx_word' id='word_1_8' title='bbox 825 555 939 636; x_wconf 75' lang='lat' dir='ltr'><strong>Captiv.</strong></span> <span class='ocrx_word' id='word_1_9' title='bbox 959 554 1082 637; x_wconf 71' lang='lat' dir='ltr'><strong>Prolog.</strong></span> <span class='ocrx_word' id='word_1_10' title='bbox 1100 579 1128 618; x_wconf 78' lang='lat' dir='ltr'><strong>v.</strong></span> <span class='ocrx_word' id='word_1_11' title='bbox 1150 558 1190 637; x_wconf 82' lang='lat'><strong>5,</strong></span> <span class='ocrx_word' id='word_1_12' title='bbox 1210 561 1251 636; x_wconf 74' lang='grc' dir='ltr'><strong>4ο</strong></span> 
     </span>
     <span class='ocr_line' id='line_1_3' title="bbox 279 660 1249 748; baseline -0.001 -21"><span class='ocrx_word' id='word_1_13' title='bbox 279 679 309 727; x_wconf 87' lang='lat' dir='ltr'><strong>et</strong></span> <span class='ocrx_word' id='word_1_14' title='bbox 328 665 378 743; x_wconf 58' lang='grc'><strong>54</strong></span> <span class='ocrx_word' id='word_1_15' title='bbox 398 665 484 726; x_wconf 76' lang='lat' dir='ltr'><strong>Adde</strong></span> <span class='ocrx_word' id='word_1_16' title='bbox 504 686 550 748; x_wconf 91' lang='lat' dir='ltr'><strong>ep.</strong></span> <span class='ocrx_word' id='word_1_17' title='bbox 572 663 747 741; x_wconf 73' lang='lat' dir='ltr'>CCLXXV,</span> <span class='ocrx_word' id='word_1_18' title='bbox 772 683 800 723; x_wconf 83' lang='lat' dir='ltr'><strong>n.</strong></span> <span class='ocrx_word' id='word_1_19' title='bbox 826 660 888 722; x_wconf 82' lang='lat' dir='ltr'><strong>Sed</strong></span> <span class='ocrx_word' id='word_1_20' title='bbox 912 660 963 722; x_wconf 81' lang='lat' dir='ltr'><strong>bia</strong></span> <span class='ocrx_word' id='word_1_21' title='bbox 989 663 1087 746; x_wconf 87' lang='lat' dir='ltr'><strong>Lepta</strong></span> <span class='ocrx_word' id='word_1_22' title='bbox 1117 686 1249 747; x_wconf 73' lang='lat' dir='ltr'><strong>sponsor</strong></span> 
     </span>
     <span class='ocr_line' id='line_1_4' title="bbox 277 770 1247 854; baseline -0.003 -18"><span class='ocrx_word' id='word_1_23' title='bbox 277 787 358 853; x_wconf 78' lang='lat' dir='ltr'><strong>erat,</strong></span> <span class='ocrx_word' id='word_1_24' title='bbox 372 776 420 835; x_wconf 85' lang='lat' dir='ltr'><strong>aui</strong></span> <span class='ocrx_word' id='word_1_25' title='bbox 433 774 555 834; x_wconf 79' lang='lat' dir='ltr'><strong>fortasse</strong></span> <span class='ocrx_word' id='word_1_26' title='bbox 568 770 679 854; x_wconf 83' lang='lat' dir='ltr'><strong>aliquid</strong></span> <span class='ocrx_word' id='word_1_27' title='bbox 693 770 866 832; x_wconf 83' lang='lat' dir='ltr'><strong>solvendum</strong></span> <span class='ocrx_word' id='word_1_28' title='bbox 883 782 963 831; x_wconf 78' lang='lat' dir='ltr'><strong>erat:</strong></span> <span class='ocrx_word' id='word_1_29' title='bbox 983 791 1079 852; x_wconf 83' lang='lat' dir='ltr'><strong>quare</strong></span> <span class='ocrx_word' id='word_1_30' title='bbox 1099 772 1178 833; x_wconf 89' lang='lat' dir='ltr'><strong>illud</strong></span> <span class='ocrx_word' id='word_1_31' title='bbox 1193 793 1247 833; x_wconf 76' lang='lat' dir='ltr'><strong>ex-</strong></span> 
     </span>
     <span class='ocr_line' id='line_1_5' title="bbox 275 877 1245 967; baseline 0 -25"><span class='ocrx_word' id='word_1_32' title='bbox 275 880 378 967; x_wconf 74' lang='lat' dir='ltr'><strong>pedire</strong></span> <span class='ocrx_word' id='word_1_33' title='bbox 398 880 550 964; x_wconf 74' lang='lat' dir='ltr'><strong>eleganter</strong></span> <span class='ocrx_word' id='word_1_34' title='bbox 568 882 599 941; x_wconf 87' lang='lat' dir='ltr'><strong>in</strong></span> <span class='ocrx_word' id='word_1_35' title='bbox 619 900 682 940; x_wconf 88' lang='lat' dir='ltr'><strong>rem</strong></span> <span class='ocrx_word' id='word_1_36' title='bbox 699 879 782 941; x_wconf 80' lang='lat' dir='ltr'><strong>dixit.</strong></span> <span class='ocrx_word' id='word_1_37' title='bbox 808 877 935 939; x_wconf 73' lang='lat' dir='ltr'><strong>Phaedr.</strong></span> <span class='ocrx_word' id='word_1_38' title='bbox 956 878 986 956; x_wconf 86' lang='lat'><strong>1,</strong></span> <span class='ocrx_word' id='word_1_39' title='bbox 1005 877 1065 938; x_wconf 78' lang='lat' dir='ltr'><strong>fab.</strong></span> <span class='ocrx_word' id='word_1_40' title='bbox 1092 878 1197 961; x_wconf 77' lang='lat' dir='ltr'><strong>16‚.v.</strong></span> <span class='ocrx_word' id='word_1_41' title='bbox 1219 904 1245 942; x_wconf 83' lang='lat'><strong>2.</strong></span> 
     </span>
    </p>
   </div>
   <div class='ocr_carea' id='block_1_2' title="bbox 195 987 1245 1926">
    <p class='ocr_par' dir='ltr' id='par_1_3' title="bbox 242 987 1245 1394">
     <span class='ocr_line' id='line_1_6' title="bbox 283 987 360 1051; baseline 0 0"><span class='ocrx_word' id='word_1_42' title='bbox 283 987 360 1051; x_wconf 76' lang='lat' dir='ltr'><strong>Con.</strong></span> 
     </span>
     <span class='ocr_line' id='line_1_7' title="bbox 244 1092 1245 1179; baseline -0.003 -21"><span class='ocrx_word' id='word_1_43' title='bbox 244 1092 1245 1179; x_wconf 61' lang='lat' dir='ltr'><strong>1aScilioetlibrummeumimor&#39;ptumtbutar.,ep.0DLXXVIll,3.</strong></span> 
     </span>
     <span class='ocr_line' id='line_1_8' title="bbox 244 1202 840 1287; baseline -0.003 -23"><span class='ocrx_word' id='word_1_44' title='bbox 244 1205 277 1264; x_wconf 77' lang='lat'><strong>13</strong></span> <span class='ocrx_word' id='word_1_45' title='bbox 300 1204 386 1266; x_wconf 78' lang='lat' dir='ltr'><strong>Amb.</strong></span> <span class='ocrx_word' id='word_1_46' title='bbox 413 1202 611 1287; x_wconf 74' lang='lat' dir='ltr'><strong>nequidem.</strong></span> <span class='ocrx_word' id='word_1_47' title='bbox 837 1218 840 1225; x_wconf 64' lang='lat'><em>⁴</em></span> 
     </span>
     <span class='ocr_line' id='line_1_9' title="bbox 242 1308 697 1394; baseline -0.009 -23"><span class='ocrx_word' id='word_1_48' title='bbox 242 1311 278 1388; x_wconf 69' lang='lat' dir='ltr'><strong>id</strong></span> <span class='ocrx_word' id='word_1_49' title='bbox 298 1311 389 1373; x_wconf 81' lang='lat' dir='ltr'><strong>Abest</strong></span> <span class='ocrx_word' id='word_1_50' title='bbox 407 1330 525 1394; x_wconf 73' lang='lat' dir='ltr'><strong>quoque</strong></span> <span class='ocrx_word' id='word_1_51' title='bbox 544 1332 563 1370; x_wconf 87' lang='lat' dir='ltr'><strong>a</strong></span> <span class='ocrx_word' id='word_1_52' title='bbox 582 1308 643 1371; x_wconf 89' lang='lat' dir='ltr'><strong>Zel.</strong></span> <span class='ocrx_word' id='word_1_53' title='bbox 664 1309 697 1368; x_wconf 85' lang='lat' dir='ltr'><strong>B.</strong></span> 
     </span>
    </p>

    <p class='ocr_par' dir='ltr' id='par_1_4' title="bbox 242 1412 1056 1500">
     <span class='ocr_line' id='line_1_10' title="bbox 242 1412 1056 1500; baseline -0.006 -23"><span class='ocrx_word' id='word_1_54' title='bbox 242 1415 278 1479; x_wconf 73' lang='lat'><strong>16</strong></span> <span class='ocrx_word' id='word_1_55' title='bbox 299 1418 414 1478; x_wconf 87' lang='lat' dir='ltr'><strong>Soilicet</strong></span> <span class='ocrx_word' id='word_1_56' title='bbox 435 1419 474 1495; x_wconf 90' lang='lat' dir='ltr'><strong>Q.</strong></span> <span class='ocrx_word' id='word_1_57' title='bbox 496 1417 608 1500; x_wconf 86' lang='lat' dir='ltr'><strong>Leptae</strong></span> <span class='ocrx_word' id='word_1_58' title='bbox 626 1414 736 1493; x_wconf 77' lang='lat' dir='ltr'><strong>filium,</strong></span> <span class='ocrx_word' id='word_1_59' title='bbox 757 1415 870 1474; x_wconf 83' lang='lat' dir='ltr'><strong>Romae</strong></span> <span class='ocrx_word' id='word_1_60' title='bbox 891 1412 1056 1494; x_wconf 73' lang='lat' dir='ltr'><strong>degentem.</strong></span> 
     </span>
    </p>

    <p class='ocr_par' dir='ltr' id='par_1_5' title="bbox 243 1520 1243 1819">
     <span class='ocr_line' id='line_1_11' title="bbox 243 1520 1242 1607; baseline 0 -23"><span class='ocrx_word' id='word_1_61' title='bbox 243 1525 277 1587; x_wconf 78' lang='grc' dir='ltr'><strong>ιδ</strong></span> <span class='ocrx_word' id='word_1_62' title='bbox 296 1525 341 1585; x_wconf 82' lang='lat' dir='ltr'><strong>Ex</strong></span> <span class='ocrx_word' id='word_1_63' title='bbox 360 1536 449 1607; x_wconf 84' lang='lat' dir='ltr'><strong>partu</strong></span> <span class='ocrx_word' id='word_1_64' title='bbox 463 1524 593 1585; x_wconf 86' lang='lat' dir='ltr'><strong>Tulliam</strong></span> <span class='ocrx_word' id='word_1_65' title='bbox 608 1524 777 1598; x_wconf 69' lang='lat' dir='ltr'><strong>decessisse,</strong></span> <span class='ocrx_word' id='word_1_66' title='bbox 790 1520 967 1582; x_wconf 79' lang='lat' dir='ltr'>Plutarchus</span> <span class='ocrx_word' id='word_1_67' title='bbox 981 1523 1011 1581; x_wconf 85' lang='lat' dir='ltr'><strong>in</strong></span> <span class='ocrx_word' id='word_1_68' title='bbox 1023 1521 1120 1582; x_wconf 80' lang='lat' dir='ltr'><strong>cioer.</strong></span> <span class='ocrx_word' id='word_1_69' title='bbox 1136 1544 1166 1604; x_wconf 89' lang='lat' dir='ltr'><strong>p.</strong></span> <span class='ocrx_word' id='word_1_70' title='bbox 1181 1520 1242 1584; x_wconf 87' lang='lat'><strong>888</strong></span> 
     </span>
     <span class='ocr_line' id='line_1_12' title="bbox 277 1627 1243 1713; baseline -0.001 -22"><span class='ocrx_word' id='word_1_71' title='bbox 277 1643 383 1691; x_wconf 83' lang='lat' dir='ltr'><strong>auctor</strong></span> <span class='ocrx_word' id='word_1_72' title='bbox 402 1643 452 1691; x_wconf 78' lang='lat' dir='ltr'><strong>est.</strong></span> <span class='ocrx_word' id='word_1_73' title='bbox 473 1631 523 1690; x_wconf 77' lang='lat' dir='ltr'><strong>Bia</strong></span> <span class='ocrx_word' id='word_1_74' title='bbox 541 1632 631 1712; x_wconf 78' lang='lat' dir='ltr'><strong>igitur</strong></span> <span class='ocrx_word' id='word_1_75' title='bbox 642 1632 775 1713; x_wconf 76' lang='lat' dir='ltr'><strong>peperit3</strong></span> <span class='ocrx_word' id='word_1_76' title='bbox 796 1627 886 1690; x_wconf 79' lang='lat' dir='ltr'><strong>semel</strong></span> <span class='ocrx_word' id='word_1_77' title='bbox 899 1639 968 1689; x_wconf 86' lang='lat' dir='ltr'><strong>ante</strong></span> <span class='ocrx_word' id='word_1_78' title='bbox 988 1648 1121 1710; x_wconf 76' lang='lat' dir='ltr'><strong>pugnam</strong></span> <span class='ocrx_word' id='word_1_79' title='bbox 1143 1629 1243 1690; x_wconf 79' lang='lat' dir='ltr'><strong>Phar·</strong></span> 
     </span>
     <span class='ocr_line' id='line_1_13' title="bbox 276 1734 1241 1819; baseline 0.002 -23"><span class='ocrx_word' id='word_1_80' title='bbox 276 1737 410 1819; x_wconf 79' lang='lat' dir='ltr'><strong>salicam,</strong></span> <span class='ocrx_word' id='word_1_81' title='bbox 434 1759 528 1819; x_wconf 84' lang='lat' dir='ltr'><strong>quum</strong></span> <span class='ocrx_word' id='word_1_82' title='bbox 548 1740 578 1799; x_wconf 90' lang='lat' dir='ltr'><strong>in</strong></span> <span class='ocrx_word' id='word_1_83' title='bbox 599 1739 755 1799; x_wconf 77' lang='lat' dir='ltr'>Graeciam</span> <span class='ocrx_word' id='word_1_84' title='bbox 776 1735 815 1796; x_wconf 87' lang='lat' dir='ltr'><strong>ad</strong></span> <span class='ocrx_word' id='word_1_85' title='bbox 834 1736 1012 1819; x_wconf 78' lang='lat' dir='ltr'><strong>Pompeium</strong></span> <span class='ocrx_word' id='word_1_86' title='bbox 1025 1734 1131 1796; x_wconf 82' lang='lat' dir='ltr'><strong>cioero</strong></span> <span class='ocrx_word' id='word_1_87' title='bbox 1146 1739 1241 1798; x_wconf 75' lang='lat' dir='ltr'><strong>itmns</strong></span> 
     </span>
    </p>

    <p class='ocr_par' dir='ltr' id='par_1_6' title="bbox 195 1843 1241 1926">
     <span class='ocr_line' id='line_1_14' title="bbox 195 1843 1241 1926; baseline 0.008 -28"><span class='ocrx_word' id='word_1_88' title='bbox 195 1890 199 1898; x_wconf 93' lang='lat'><strong>.</strong></span> <span class='ocrx_word' id='word_1_89' title='bbox 277 1855 368 1925; x_wconf 74' lang='lat' dir='ltr'><strong>esset,</strong></span> <span class='ocrx_word' id='word_1_90' title='bbox 395 1856 429 1904; x_wconf 87' lang='lat' dir='ltr'><strong>ut</strong></span> <span class='ocrx_word' id='word_1_91' title='bbox 453 1866 498 1926; x_wconf 89' lang='lat' dir='ltr'><strong>ep.</strong></span> <span class='ocrx_word' id='word_1_92' title='bbox 523 1844 755 1905; x_wconf 80' lang='lat' dir='ltr'>CCCLXXXIV</span> <span class='ocrx_word' id='word_1_93' title='bbox 776 1843 816 1904; x_wconf 90' lang='lat' dir='ltr'><strong>ad</strong></span> <span class='ocrx_word' id='word_1_94' title='bbox 836 1846 910 1926; x_wconf 76' lang='lat' dir='ltr'><strong>Att3</strong></span> <span class='ocrx_word' id='word_1_95' title='bbox 935 1847 1061 1920; x_wconf 84' lang='lat' dir='ltr'><strong>iterum,</strong></span> <span class='ocrx_word' id='word_1_96' title='bbox 1088 1865 1185 1926; x_wconf 87' lang='lat' dir='ltr'><strong>quum</strong></span> <span class='ocrx_word' id='word_1_97' title='bbox 1211 1847 1241 1906; x_wconf 87' lang='lat' dir='ltr'><strong>in</strong></span> 
     </span>
    </p>
   </div>
   <div class='ocr_carea' id='block_1_3' title="bbox 278 1950 1239 2121">
    <p class='ocr_par' dir='ltr' id='par_1_7' title="bbox 278 1950 1239 2121">
     <span class='ocr_line' id='line_1_15' title="bbox 278 1950 1239 2102; baseline 0.002 -92"><span class='ocrx_word' id='word_1_98' title='bbox 278 1950 418 2034; x_wconf 83' lang='lat' dir='ltr'><strong>Hispania</strong></span> <span class='ocrx_word' id='word_1_99' title='bbox 437 1952 548 2012; x_wconf 87' lang='lat' dir='ltr'><strong>Caesar</strong></span> <span class='ocrx_word' id='word_1_100' title='bbox 568 1963 671 2013; x_wconf 74' lang='lat' dir='ltr'><strong>nonna</strong></span> <span class='ocrx_word' id='word_1_101' title='bbox 691 1952 825 2034; x_wconf 87' lang='lat' dir='ltr'><strong>Pompeii</strong></span> <span class='ocrx_word' id='word_1_102' title='bbox 844 1950 954 2012; x_wconf 76' lang='lat' dir='ltr'><strong>liberos</strong></span> <span class='ocrx_word' id='word_1_103' title='bbox 971 1962 1135 2102; x_wconf 79' lang='lat' dir='ltr'><strong>pugnaret:</strong></span> <span class='ocrx_word' id='word_1_104' title='bbox 1157 1953 1239 2034; x_wconf 80' lang='lat' dir='ltr'><strong>quod</strong></span> 
     </span>
     <span class='ocr_line' id='line_1_16' title="bbox 278 2057 719 2121; baseline 0.002 -3"><span class='ocrx_word' id='word_1_105' title='bbox 278 2057 326 2119; x_wconf 82' lang='lat' dir='ltr'><strong>hic</strong></span> <span class='ocrx_word' id='word_1_106' title='bbox 346 2059 429 2119; x_wconf 81' lang='lat' dir='ltr'><strong>loeus</strong></span> <span class='ocrx_word' id='word_1_107' title='bbox 449 2060 583 2121; x_wconf 78' lang='lat' dir='ltr'><strong>ostendit.</strong></span> <span class='ocrx_word' id='word_1_108' title='bbox 604 2060 719 2121; x_wconf 73' lang='lat' dir='ltr'><strong>Manat.</strong></span> 
     </span>
    </p>
   </div>
   <div class='ocr_carea' id='block_1_4' title="bbox 241 2094 1244 3314">
    <p class='ocr_par' dir='ltr' id='par_1_8' title="bbox 243 2094 1241 2549">
     <span class='ocr_line' id='line_1_17' title="bbox 243 2094 1239 2248; baseline 0.004 -24"><span class='ocrx_word' id='word_1_109' title='bbox 243 2185 276 2245; x_wconf 77' lang='lat'><strong>¹7</strong></span> <span class='ocrx_word' id='word_1_110' title='bbox 298 2167 382 2226; x_wconf 85' lang='lat' dir='ltr'><strong>Dotis</strong></span> <span class='ocrx_word' id='word_1_111' title='bbox 408 2187 425 2226; x_wconf 89' lang='lat' dir='ltr'><strong>a</strong></span> <span class='ocrx_word' id='word_1_112' title='bbox 452 2166 607 2228; x_wconf 71' lang='lat' dir='ltr'><strong>Dolabella</strong></span> <span class='ocrx_word' id='word_1_113' title='bbox 633 2165 750 2226; x_wconf 83' lang='lat' dir='ltr'><strong>Tulliae</strong></span> <span class='ocrx_word' id='word_1_114' title='bbox 775 2173 844 2248; x_wconf 72' lang='lat' dir='ltr'><strong>poet</strong></span> <span class='ocrx_word' id='word_1_115' title='bbox 869 2164 1029 2226; x_wconf 71' lang='lat' dir='ltr'><strong>divortium</strong></span> <span class='ocrx_word' id='word_1_116' title='bbox 1056 2094 1239 2228; x_wconf 83' lang='lat' dir='ltr'><strong>reddendae.</strong></span> 
     </span>
     <span class='ocr_line' id='line_1_18' title="bbox 277 2271 1241 2356; baseline 0.003 -24"><span class='ocrx_word' id='word_1_117' title='bbox 277 2272 393 2334; x_wconf 62' lang='lat' dir='ltr'><strong>Sclu&#39;ltz.</strong></span> <span class='ocrx_word' id='word_1_118' title='bbox 414 2273 608 2336; x_wconf 81' lang='lat' dir='ltr'><strong>Reddebatur</strong></span> <span class='ocrx_word' id='word_1_119' title='bbox 627 2286 728 2335; x_wconf 86' lang='lat' dir='ltr'><strong>autem</strong></span> <span class='ocrx_word' id='word_1_120' title='bbox 754 2271 849 2333; x_wconf 86' lang='lat' dir='ltr'><strong>tribus</strong></span> <span class='ocrx_word' id='word_1_121' title='bbox 873 2272 1064 2356; x_wconf 79' lang='lat' dir='ltr'><strong>pensionibm</strong></span> <span class='ocrx_word' id='word_1_122' title='bbox 1091 2275 1241 2356; x_wconf 89' lang='lat' dir='ltr'><strong>quemad-</strong></span> 
     </span>
     <span class='ocr_line' id='line_1_19' title="bbox 277 2379 1241 2464; baseline 0.001 -23"><span class='ocrx_word' id='word_1_123' title='bbox 277 2380 401 2442; x_wconf 88' lang='lat' dir='ltr'><strong>modum</strong></span> <span class='ocrx_word' id='word_1_124' title='bbox 422 2393 578 2443; x_wconf 84' lang='lat' dir='ltr'><strong>numerata</strong></span> <span class='ocrx_word' id='word_1_125' title='bbox 598 2392 663 2443; x_wconf 88' lang='lat' dir='ltr'><strong>erat</strong></span> <span class='ocrx_word' id='word_1_126' title='bbox 681 2384 790 2441; x_wconf 85' lang='lat' dir='ltr'><strong>marito</strong></span> <span class='ocrx_word' id='word_1_127' title='bbox 810 2382 875 2463; x_wconf 75' lang='lat' dir='ltr'><strong>(ep</strong></span> <span class='ocrx_word' id='word_1_128' title='bbox 896 2379 1070 2464; x_wconf 80' lang='lat' dir='ltr'><strong>cccxcn,</strong></span> <span class='ocrx_word' id='word_1_129' title='bbox 1088 2393 1153 2442; x_wconf 83' lang='lat' dir='ltr'><strong>not.</strong></span> <span class='ocrx_word' id='word_1_130' title='bbox 1179 2383 1241 2461; x_wconf 80' lang='lat' dir='ltr'><strong>ia).</strong></span> 
     </span>
     <span class='ocr_line' id='line_1_20' title="bbox 278 2487 1132 2549; baseline 0 -1"><span class='ocrx_word' id='word_1_131' title='bbox 278 2487 356 2549; x_wconf 87' lang='lat' dir='ltr'><strong>Vide</strong></span> <span class='ocrx_word' id='word_1_132' title='bbox 376 2491 398 2549; x_wconf 92' lang='lat' dir='ltr'><strong>l.</strong></span> <span class='ocrx_word' id='word_1_133' title='bbox 419 2490 469 2549; x_wconf 84' lang='lat' dir='ltr'><strong>Fr.</strong></span> <span class='ocrx_word' id='word_1_134' title='bbox 491 2490 677 2549; x_wconf 77' lang='lat' dir='ltr'><strong>Gronovium</strong></span> <span class='ocrx_word' id='word_1_135' title='bbox 698 2488 737 2548; x_wconf 92' lang='lat' dir='ltr'><strong>ad</strong></span> <span class='ocrx_word' id='word_1_136' title='bbox 756 2487 798 2548; x_wconf 87' lang='grc' dir='ltr'><strong>Μ.</strong></span> <span class='ocrx_word' id='word_1_137' title='bbox 819 2487 950 2548; x_wconf 72' lang='lat' dir='ltr'><strong>Senecae</strong></span> <span class='ocrx_word' id='word_1_138' title='bbox 970 2487 1089 2547; x_wconf 78' lang='lat' dir='ltr'><strong>Suasor.</strong></span> <span class='ocrx_word' id='word_1_139' title='bbox 1110 2488 1132 2548; x_wconf 90' lang='lat' dir='ltr'><strong>l.</strong></span> 
     </span>
    </p>

    <p class='ocr_par' dir='ltr' id='par_1_9' title="bbox 244 2593 1244 3106">
     <span class='ocr_line' id='line_1_21' title="bbox 244 2593 1243 2679; baseline 0.003 -26"><span class='ocrx_word' id='word_1_140' title='bbox 244 2593 280 2656; x_wconf 80' lang='lat'><strong>18</strong></span> <span class='ocrx_word' id='word_1_141' title='bbox 301 2596 395 2659; x_wconf 90' lang='lat' dir='ltr'><strong>Villae</strong></span> <span class='ocrx_word' id='word_1_142' title='bbox 416 2618 508 2656; x_wconf 89' lang='lat' dir='ltr'><strong>meae.</strong></span> <span class='ocrx_word' id='word_1_143' title='bbox 530 2597 602 2656; x_wconf 84' lang='lat' dir='ltr'><strong>Mox</strong></span> <span class='ocrx_word' id='word_1_144' title='bbox 622 2595 807 2656; x_wconf 74' lang='lat' dir='ltr'><strong>delecta-bant</strong></span> <span class='ocrx_word' id='word_1_145' title='bbox 826 2598 972 2679; x_wconf 78' lang='lat' dir='ltr'><strong>rescripsit</strong></span> <span class='ocrx_word' id='word_1_146' title='bbox 991 2593 1145 2656; x_wconf 80' lang='lat' dir='ltr'><strong>Victorius</strong></span> <span class='ocrx_word' id='word_1_147' title='bbox 1159 2618 1194 2657; x_wconf 82' lang='lat' dir='ltr'><strong>ex</strong></span> <span class='ocrx_word' id='word_1_148' title='bbox 1208 2597 1243 2656; x_wconf 94' lang='lat' dir='ltr'><strong>li·</strong></span> 
     </span>
     <span class='ocr_line' id='line_1_22' title="bbox 278 2701 1244 2784; baseline 0.005 -25"><span class='ocrx_word' id='word_1_149' title='bbox 278 2701 339 2761; x_wconf 91' lang='lat' dir='ltr'><strong>bris</strong></span> <span class='ocrx_word' id='word_1_150' title='bbox 360 2713 430 2761; x_wconf 90' lang='lat' dir='ltr'><strong>vett.</strong></span> <span class='ocrx_word' id='word_1_151' title='bbox 451 2723 507 2784; x_wconf 91' lang='lat' dir='ltr'><strong>pro</strong></span> <span class='ocrx_word' id='word_1_152' title='bbox 528 2703 648 2781; x_wconf 77' lang='lat' dir='ltr'><strong>iulgato</strong></span> <span class='ocrx_word' id='word_1_153' title='bbox 669 2701 739 2761; x_wconf 88' lang='lat' dir='ltr'><strong>olim</strong></span> <span class='ocrx_word' id='word_1_154' title='bbox 760 2701 919 2778; x_wconf 71' lang='lat' dir='ltr'><strong>delectant,</strong></span> <span class='ocrx_word' id='word_1_155' title='bbox 946 2702 1005 2763; x_wconf 86' lang='lat' dir='ltr'><strong>hoo</strong></span> <span class='ocrx_word' id='word_1_156' title='bbox 1031 2723 1131 2762; x_wconf 82' lang='lat' dir='ltr'><strong>semu:</strong></span> <span class='ocrx_word' id='word_1_157' title='bbox 1154 2703 1244 2764; x_wconf 87' lang='lat' dir='ltr'><strong>Pere·</strong></span> 
     </span>
     <span class='ocr_line' id='line_1_23' title="bbox 277 2807 1244 2890; baseline 0.004 -24"><span class='ocrx_word' id='word_1_158' title='bbox 277 2807 418 2889; x_wconf 79' lang='lat' dir='ltr'><strong>grinabar</strong></span> <span class='ocrx_word' id='word_1_159' title='bbox 438 2807 577 2888; x_wconf 80' lang='lat' dir='ltr'><strong>libenter,</strong></span> <span class='ocrx_word' id='word_1_160' title='bbox 598 2810 668 2889; x_wconf 91' lang='lat' dir='ltr'><strong>quia</strong></span> <span class='ocrx_word' id='word_1_161' title='bbox 688 2808 825 2870; x_wconf 85' lang='lat' dir='ltr'><strong>aedilicia</strong></span> <span class='ocrx_word' id='word_1_162' title='bbox 845 2831 911 2871; x_wconf 89' lang='lat' dir='ltr'><strong>mea</strong></span> <span class='ocrx_word' id='word_1_163' title='bbox 931 2831 980 2872; x_wconf 88' lang='lat' dir='ltr'><strong>me</strong></span> <span class='ocrx_word' id='word_1_164' title='bbox 994 2809 1197 2890; x_wconf 77' lang='lat' dir='ltr'><strong>delectabant,</strong></span> <span class='ocrx_word' id='word_1_165' title='bbox 1212 2821 1244 2870; x_wconf 86' lang='lat' dir='ltr'><strong>et</strong></span> 
     </span>
     <span class='ocr_line' id='line_1_24' title="bbox 277 2915 1242 2998; baseline 0.008 -26"><span class='ocrx_word' id='word_1_166' title='bbox 277 2916 389 2995; x_wconf 79' lang='lat' dir='ltr'><strong>otium3</strong></span> <span class='ocrx_word' id='word_1_167' title='bbox 410 2936 489 2974; x_wconf 88' lang='lat' dir='ltr'><strong>nunc</strong></span> <span class='ocrx_word' id='word_1_168' title='bbox 510 2915 631 2997; x_wconf 77' lang='lat' dir='ltr'><strong>domus,</strong></span> <span class='ocrx_word' id='word_1_169' title='bbox 653 2937 730 2996; x_wconf 87' lang='lat' dir='ltr'><strong>quae</strong></span> <span class='ocrx_word' id='word_1_170' title='bbox 757 2919 864 2978; x_wconf 88' lang='lat' dir='ltr'><strong>scilicet</strong></span> <span class='ocrx_word' id='word_1_171' title='bbox 885 2921 914 2977; x_wconf 88' lang='lat' dir='ltr'><strong>in</strong></span> <span class='ocrx_word' id='word_1_172' title='bbox 935 2917 1049 2976; x_wconf 87' lang='lat' dir='ltr'><strong>Palatio</strong></span> <span class='ocrx_word' id='word_1_173' title='bbox 1069 2928 1126 2998; x_wconf 81' lang='lat' dir='ltr'><strong>eat,</strong></span> <span class='ocrx_word' id='word_1_174' title='bbox 1147 2917 1242 2980; x_wconf 90' lang='lat' dir='ltr'><strong>habet</strong></span> 
     </span>
     <span class='ocr_line' id='line_1_25' title="bbox 277 3023 1133 3106; baseline 0.006 -28"><span class='ocrx_word' id='word_1_175' title='bbox 277 3023 385 3096; x_wconf 85' lang='lat' dir='ltr'><strong>otium,</strong></span> <span class='ocrx_word' id='word_1_176' title='bbox 406 3032 575 3103; x_wconf 82' lang='lat' dir='ltr'><strong>ceteraque,</strong></span> <span class='ocrx_word' id='word_1_177' title='bbox 596 3045 673 3103; x_wconf 89' lang='lat' dir='ltr'><strong>quae</strong></span> <span class='ocrx_word' id='word_1_178' title='bbox 694 3026 723 3083; x_wconf 87' lang='lat' dir='ltr'><strong>in</strong></span> <span class='ocrx_word' id='word_1_179' title='bbox 744 3024 818 3084; x_wconf 90' lang='lat' dir='ltr'><strong>villis</strong></span> <span class='ocrx_word' id='word_1_180' title='bbox 838 3037 924 3084; x_wconf 87' lang='lat' dir='ltr'><strong>antea</strong></span> <span class='ocrx_word' id='word_1_181' title='bbox 945 3025 1133 3106; x_wconf 76' lang='lat' dir='ltr'><strong>quaerebam.</strong></span> 
     </span>
    </p>

    <p class='ocr_par' dir='ltr' id='par_1_10' title="bbox 241 3126 1241 3314">
     <span class='ocr_line' id='line_1_26' title="bbox 241 3126 1241 3216; baseline 0.013 -33"><span class='ocrx_word' id='word_1_182' title='bbox 241 3145 277 3208; x_wconf 86' lang='lat'><strong>¹9</strong></span> <span class='ocrx_word' id='word_1_183' title='bbox 296 3127 408 3186; x_wconf 84' lang='lat' dir='ltr'><strong>lndicat</strong></span> <span class='ocrx_word' id='word_1_184' title='bbox 428 3126 620 3189; x_wconf 86' lang='lat' dir='ltr'><strong>nobilissimos</strong></span> <span class='ocrx_word' id='word_1_185' title='bbox 642 3131 762 3190; x_wconf 84' lang='lat' dir='ltr'><strong>Hesiodi</strong></span> <span class='ocrx_word' id='word_1_186' title='bbox 777 3153 878 3192; x_wconf 86' lang='lat' dir='ltr'><strong>versus</strong></span> <span class='ocrx_word' id='word_1_187' title='bbox 899 3146 974 3215; x_wconf 73' lang='grc' dir='ltr'><strong>Ἐργ.</strong></span> <span class='ocrx_word' id='word_1_188' title='bbox 993 3131 1067 3215; x_wconf 77' lang='lat'><strong>289,</strong></span> <span class='ocrx_word' id='word_1_189' title='bbox 1088 3151 1164 3215; x_wconf 80' lang='lat'><strong>292,</strong></span> <span class='ocrx_word' id='word_1_190' title='bbox 1186 3139 1241 3216; x_wconf 87' lang='lat' dir='ltr'><strong>qui</strong></span> 
     </span>
     <span class='ocr_line' id='line_1_27' title="bbox 277 3234 915 3314; baseline 0.013 -23"><span class='ocrx_word' id='word_1_191' title='bbox 277 3234 380 3314; x_wconf 83' lang='lat' dir='ltr'><strong>integri</strong></span> <span class='ocrx_word' id='word_1_192' title='bbox 402 3235 597 3297; x_wconf 86' lang='lat' dir='ltr'><strong>scribuntur</strong></span> <span class='ocrx_word' id='word_1_193' title='bbox 591 3259 620 3296; x_wconf 87' lang='lat' dir='ltr'><strong>in</strong></span> <span class='ocrx_word' id='word_1_194' title='bbox 640 3238 726 3298; x_wconf 68' lang='lat' dir='ltr'><strong>lamb.</strong></span> <span class='ocrx_word' id='word_1_195' title='bbox 747 3238 915 3300; x_wconf 56' lang='lat' dir='ltr'><strong>tertiodecs</strong></span> 
     </span>
    </p>
   </div>
   <div class='ocr_carea' id='block_1_5' title="bbox 373 3363 1090 3516">
    <p class='ocr_par' dir='ltr' id='par_1_11' title="bbox 375 3363 1090 3516">
     <span class='ocr_line' id='line_1_28' title="bbox 375 3363 1090 3444; baseline 0.006 -24"><span class='ocrx_word' id='word_1_196' title='bbox 375 3370 427 3427; x_wconf 62' lang='grc' dir='ltr'><strong>’ἰῆς</strong></span> <span class='ocrx_word' id='word_1_197' title='bbox 445 3363 572 3442; x_wconf 69' lang='grc' dir='ltr'><strong>δ’ἀριτῆς</strong></span> <span class='ocrx_word' id='word_1_198' title='bbox 592 3366 658 3443; x_wconf 76' lang='grc' dir='ltr'><strong>ἱδρῶ</strong></span> <span class='ocrx_word' id='word_1_199' title='bbox 659 3388 692 3423; x_wconf 87' lang='grc' dir='ltr'><strong>τα</strong></span> <span class='ocrx_word' id='word_1_200' title='bbox 710 3370 769 3425; x_wconf 69' lang='grc' dir='ltr'><strong>θεοὶ</strong></span> <span class='ocrx_word' id='word_1_201' title='bbox 786 3371 970 3444; x_wconf 69' lang='grc' dir='ltr'><strong>προπάροιθεν</strong></span> <span class='ocrx_word' id='word_1_202' title='bbox 957 3368 1090 3431; x_wconf 50' lang='lat' dir='ltr'><strong>ultam</strong></span> 
     </span>
     <span class='ocr_line' id='line_1_29' title="bbox 373 3459 585 3516; baseline 0.005 -2.052"><span class='ocrx_word' id='word_1_203' title='bbox 373 3459 457 3515; x_wconf 63' lang='lat' dir='ltr'><strong>‘uti</strong></span> <span class='ocrx_word' id='word_1_204' title='bbox 443 3479 517 3515; x_wconf 77' lang='grc' dir='ltr'>νατοε</span> <span class='ocrx_word' id='word_1_205' title='bbox 535 3472 585 3516; x_wconf 81' lang='lat' dir='ltr'><strong>etc.</strong></span> 
     </span>
    </p>
   </div>
   <div class='ocr_carea' id='block_1_6' title="bbox 276 3585 1242 3669">
    <p class='ocr_par' dir='ltr' id='par_1_12' title="bbox 276 3585 1242 3669">
     <span class='ocr_line' id='line_1_30' title="bbox 276 3585 1242 3669; baseline 0.01 -28"><span class='ocrx_word' id='word_1_206' title='bbox 276 3603 410 3664; x_wconf 79' lang='lat' dir='ltr'><strong>quosque</strong></span> <span class='ocrx_word' id='word_1_207' title='bbox 430 3587 550 3645; x_wconf 88' lang='lat' dir='ltr'><strong>metrice</strong></span> <span class='ocrx_word' id='word_1_208' title='bbox 571 3585 755 3647; x_wconf 75' lang='lat' dir='ltr'><strong>translatore</strong></span> <span class='ocrx_word' id='word_1_209' title='bbox 769 3589 902 3647; x_wconf 87' lang='lat' dir='ltr'><strong>Guarino</strong></span> <span class='ocrx_word' id='word_1_210' title='bbox 924 3589 1015 3648; x_wconf 43' lang='lat' dir='ltr'><strong>iwefeit</strong></span> <span class='ocrx_word' id='word_1_211' title='bbox 1028 3587 1242 3669; x_wconf 82' lang='lat' dir='ltr'><strong>quartusdec.:</strong></span> 
     </span>
    </p>
   </div>
   <div class='ocr_carea' id='block_1_7' title="bbox 335 3715 1128 4075">
    <p class='ocr_par' dir='ltr' id='par_1_13' title="bbox 335 3715 995 3788">
     <span class='ocr_line' id='line_1_31' title="bbox 335 3715 995 3788; baseline 0.009 -21"><span class='ocrx_word' id='word_1_212' title='bbox 335 3715 459 3768; x_wconf 88' lang='lat' dir='ltr'><strong>Sudorem</strong></span> <span class='ocrx_word' id='word_1_213' title='bbox 476 3735 537 3788; x_wconf 89' lang='lat' dir='ltr'><strong>prae</strong></span> <span class='ocrx_word' id='word_1_214' title='bbox 554 3736 580 3770; x_wconf 80' lang='lat' dir='ltr'><strong>se</strong></span> <span class='ocrx_word' id='word_1_215' title='bbox 596 3719 646 3770; x_wconf 82' lang='lat' dir='ltr'><strong>sert</strong></span> <span class='ocrx_word' id='word_1_216' title='bbox 663 3721 744 3773; x_wconf 75' lang='lat' dir='ltr'><strong>virtus</strong></span> <span class='ocrx_word' id='word_1_217' title='bbox 763 3731 848 3773; x_wconf 84' lang='lat' dir='ltr'><strong>mente</strong></span> <span class='ocrx_word' id='word_1_218' title='bbox 867 3723 995 3773; x_wconf 85' lang='lat' dir='ltr'><strong>Deorum:</strong></span> 
     </span>
    </p>

    <p class='ocr_par' dir='ltr' id='par_1_14' title="bbox 336 3806 1128 4075">
     <span class='ocr_line' id='line_1_32' title="bbox 336 3806 1029 3886; baseline 0.012 -26"><span class='ocrx_word' id='word_1_219' title='bbox 336 3806 380 3861; x_wconf 76' lang='lat' dir='ltr'><strong>Eat</strong></span> <span class='ocrx_word' id='word_1_220' title='bbox 397 3809 429 3862; x_wconf 90' lang='lat' dir='ltr'><strong>ad</strong></span> <span class='ocrx_word' id='word_1_221' title='bbox 445 3828 500 3863; x_wconf 85' lang='lat' dir='ltr'><strong>eam</strong></span> <span class='ocrx_word' id='word_1_222' title='bbox 518 3811 626 3880; x_wconf 75' lang='lat' dir='ltr'><strong>longua,</strong></span> <span class='ocrx_word' id='word_1_223' title='bbox 645 3823 781 3886; x_wconf 78' lang='lat' dir='ltr'><strong>rectusque</strong></span> <span class='ocrx_word' id='word_1_224' title='bbox 799 3815 940 3886; x_wconf 84' lang='lat' dir='ltr'><strong>perardua</strong></span> <span class='ocrx_word' id='word_1_225' title='bbox 959 3817 1029 3868; x_wconf 75' lang='lat' dir='ltr'><strong>callia</strong></span> 
     </span>
     <span class='ocr_line' id='line_1_33' title="bbox 338 3902 1128 3976; baseline 0.008 -21"><span class='ocrx_word' id='word_1_226' title='bbox 338 3902 418 3974; x_wconf 78' lang='lat' dir='ltr'><strong>llrper</strong></span> <span class='ocrx_word' id='word_1_227' title='bbox 433 3913 460 3957; x_wconf 88' lang='lat' dir='ltr'><strong>et</strong></span> <span class='ocrx_word' id='word_1_228' title='bbox 477 3906 504 3958; x_wconf 91' lang='lat' dir='ltr'><strong>in</strong></span> <span class='ocrx_word' id='word_1_229' title='bbox 520 3905 622 3976; x_wconf 73' lang='lat' dir='ltr'><strong>primis:</strong></span> <span class='ocrx_word' id='word_1_230' title='bbox 641 3908 685 3961; x_wconf 91' lang='lat' dir='ltr'><strong>ubi</strong></span> <span class='ocrx_word' id='word_1_231' title='bbox 705 3911 731 3961; x_wconf 90' lang='lat' dir='ltr'><strong>in</strong></span> <span class='ocrx_word' id='word_1_232' title='bbox 748 3912 799 3962; x_wconf 83' lang='lat' dir='ltr'><strong>alta</strong></span> <span class='ocrx_word' id='word_1_233' title='bbox 816 3913 949 3962; x_wconf 86' lang='lat' dir='ltr'><strong>cacumina</strong></span> <span class='ocrx_word' id='word_1_234' title='bbox 966 3919 1072 3964; x_wconf 78' lang='lat' dir='ltr'><strong>rantum</strong></span> <span class='ocrx_word' id='word_1_235' title='bbox 1090 3917 1128 3962; x_wconf 80' lang='lat' dir='ltr'><strong>eat</strong></span> 
     </span>
     <span class='ocr_line' id='line_1_34' title="bbox 338 3996 1056 4075; baseline 0.013 -26"><span class='ocrx_word' id='word_1_236' title='bbox 338 3996 426 4051; x_wconf 74' lang='lat' dir='ltr'><strong>Mollia</strong></span> <span class='ocrx_word' id='word_1_237' title='bbox 443 3997 529 4070; x_wconf 64' lang='lat' dir='ltr'><strong>idem</strong></span> <span class='ocrx_word' id='word_1_238' title='bbox 548 4019 613 4072; x_wconf 84' lang='lat' dir='ltr'><strong>quae</strong></span> <span class='ocrx_word' id='word_1_239' title='bbox 631 4005 683 4057; x_wconf 79' lang='lat' dir='ltr'><strong>vim</strong></span> <span class='ocrx_word' id='word_1_240' title='bbox 702 4003 750 4058; x_wconf 84' lang='lat' dir='ltr'><strong>luit</strong></span> <span class='ocrx_word' id='word_1_241' title='bbox 767 4003 899 4058; x_wconf 68' lang='lat' dir='ltr'><strong>dunelma</strong></span> <span class='ocrx_word' id='word_1_242' title='bbox 916 4005 1056 4075; x_wconf 83' lang='lat' dir='ltr'><strong>quondam.</strong></span> 
     </span>
    </p>
   </div>
   <div class='ocr_carea' id='block_1_8' title="bbox 0 0 1328 4822">
    <p class='ocr_par' dir='ltr' id='par_1_15' title="bbox 0 0 1328 4822">
     <span class='ocr_line' id='line_1_35' title="bbox 0 0 1328 4822; baseline 0 8"><span class='ocrx_word' id='word_1_243' title='bbox 0 0 1328 4822; x_wconf 95' lang='lat' dir='ltr'><strong> </strong></span> 
     </span>
    </p>
   </div>
  </div>
 </body>
</html>
