2648 4822
433 522 498 614 M.
544 514 797 612 TVLLII
843 509 1240 609 CICERONIS

634 736 1034 812 nrlsrontu

774 962 906 995 2...-

760 1283 913 1357 DXVII·
1072 1323 1128 1382 (aa
1143 1323 1197 1368 nu.
1217 1323 1265 1378 vt,
1284 1327 1311 1376 .)

249 1444 254 1463 ’
334 1465 553 1543 Argumentum.
579 1482 589 1519 1
615 1460 726 1519 Aulum
748 1460 957 1540 Torquatum,
983 1461 1053 1541 qui,
1080 1457 1228 1538 Pompeio
1257 1460 1324 1516 vict

373 1573 458 1630 cuius
478 1578 579 1651 partes
600 1578 718 1635 secutus
740 1566 854 1637 fuerat,
880 1564 1003 1647 llthenis
1024 1563 1199 1634 exsulabat,
1229 1585 1320 1624 conso

373 1676 470 1745 latur,
490 1685 525 1735 ut
544 1673 711 1735 absentiam
732 1672 772 1732 ab
800 1670 877 1732 urbe
903 1690 1002 1753 aequo
1029 1673 1132 1729 animo
1153 1670 1243 1740 serat,
1266 1672 1324 1749 qui

374 1781 495 1843 turbata
516 1783 575 1842 sint
594 1783 718 1852 omnia,
745 1789 776 1840 et
800 1781 853 1861 qui
881 1788 1051 1861 praesentes
1073 1780 1133 1837 sint
1154 1777 1249 1835 mrrlta
1271 1798 1320 1835 cer

373 1901 464 1961 nant,
482 1910 561 1970 quae
580 1888 678 1948 nolint
697 1886 809 1947 videre.
831 1907 849 1947 a
867 1885 959 1946 Addit
978 1906 1062 1968 spem
1082 1884 1194 1945 reditus
1208 1883 1322 1941 nonnul

373 1996 450 2095 lom²
478 1995 695 2077 hortaturque,
714 2005 750 2054 ut
768 1995 881 2054 virtute
902 2014 933 2053 se
953 2002 1098 2053 sustentet
1117 2003 1147 2051 et
1168 1993 1241 2050 recti
1264 2010 1319 2048 con

373 2105 515 2177 scientia3
546 2105 637 2162 etiam
659 2123 695 2162 ex
716 2102 853 2171 civitate,
878 2102 910 2159 in
931 2120 992 2181 qua
1012 2099 1139 2169 exsulet,
1159 2109 1190 2157 et
1210 2096 1322 2177 Sulpic'

373 2208 590 2271 consuetudine
611 2209 749 2269 levamen
768 2217 860 2289 petat.

527 2416 580 2467 Sor.
599 2414 695 2466 Romae
712 2416 743 2466 Α.
762 2414 794 2465 V.
812 2414 841 2466 C.
859 2412 992 2465 DCCVIll
1011 2414 1135 2475 ineunte,

380 2510 410 2562 C.
430 2509 498 2562 lulio
516 2509 623 2562 Caesare
641 2508 773 2560 Dictatore
792 2507 843 2573 Ill,
862 2508 919 2559 Cos.
939 2507 986 2573 tv;
1005 2507 1041 2560 at.
1061 2506 1170 2558 Aemillo
1189 2505 1286 2574 Lepido

721 2602 787 2668 lllag.
811 2601 945 2670 equitum

328 2695 442 2748 suffectis
460 2697 487 2746 in
506 2694 548 2746 lll
567 2694 671 2746 ultimos
685 2711 783 2745 menses
795 2693 830 2763 Q.
844 2693 926 2745 Fabio
940 2694 1070 2759 Maximo,
1083 2693 1114 2746 C.
1125 2693 1257 2746 Trebonio
1272 2709 1323 2743 coss

465 2901 508 2965 Μ.
534 2902 571 2965 Τ.
597 2898 743 2965 CICERO
768 2901 803 2963 I.
827 2898 1078 2980 TORQVATO¹
1104 2901 1134 2963 S.
1159 2900 1196 2962 D.

383 3169 396 3212 1
429 3093 527 3219 Etsi
552 3167 593 3214 ea
618 3140 838 3241 perturbatio
864 3155 918 3214 est
942 3141 1101 3214 omnium
1126 3165 1242 3213 rerum
1256 3196 1266 3239 ,
1294 3166 1315 3210 u

329 3292 412 3339 suae
438 3293 613 3369 quemque
639 3268 799 3342 fortunae
825 3270 974 3341 maxime
1000 3270 1199 3368 poeniteat,
1215 3292 1312 3340 nem

324 3419 395 3493 que
422 3394 483 3493 sit,
517 3396 603 3495 quin
635 3395 768 3495 ubivis,
801 3423 906 3497 quam
932 3395 1004 3494 ibi,
1036 3393 1097 3466 uhi
1131 3408 1185 3467 est
1203 3410 1229 3492 2,
1261 3420 1324 3466 ess

322 3518 446 3591 malit:
480 3534 598 3594 tamen
631 3521 717 3594 mihi
750 3522 897 3596 dubium
929 3548 1004 3596 non
1043 3535 1114 3619 est,
1149 3522 1235 3622 quin
1267 3519 1324 3592 lio

326 3659 489 3746 tempore
514 3646 611 3723 bono
638 3650 714 3724 viro
748 3651 880 3723 Romae
913 3675 987 3723 esse
1017 3650 1251 3721 miserrimum
1281 3647 1322 3716 sit

324 3771 416 3846 Nam
443 3775 507 3847 etsi
516 3831 527 3874 7
553 3802 774 3879 quocumque
800 3779 837 3849 in
863 3776 943 3850 loco
969 3777 1116 3877 quisque
1143 3789 1216 3875 est,
1240 3774 1296 3846 ide

263 3889 278 3911 ’“
326 3911 379 3970 est
404 3901 436 3972 ei
463 3927 604 4001 seusus,
636 3918 672 3976 et
697 3904 820 3980 eadem
848 3904 1017 3978 acerbitas
1043 3929 1086 3976 ex
1111 3904 1256 3977 interitu
1279 3923 1313 3972 re
