2648 4822
236 435 308 534 118
588 450 758 504 nris-roni
781 450 872 498 nux„
1002 445 1035 496 a,
1054 448 1088 497 v.
1106 451 1135 498 c.
1153 445 1200 509 70⁸

233 556 452 654 valitudinis,
468 579 537 656 qua
562 566 680 628 tamen
703 555 773 627 iam
796 548 953 652 paullum
969 547 1095 622 videor
1108 546 1233 647 levari,

236 698 297 758 aut
322 680 419 785 quod
444 678 586 752 absim¹
613 677 657 751 ab
682 677 786 781 urbe,
816 688 874 774 ut,
907 675 966 776 qui
992 673 1038 747 ad
1062 687 1099 747 te
1122 675 1233 774 profl-

236 808 427 902 eisoantur,
452 804 539 878 scire
564 828 637 876 non
663 803 804 903 possim.
822 802 939 893 Quare
960 798 1064 871 velim
1088 801 1139 871 ita
1165 813 1233 871 sta-

235 932 350 1023 tu'tnm
382 929 534 1030 habeas,
567 928 708 1012 metui
744 927 947 1000 memoriam
983 952 1063 997 cum
1095 951 1231 998 summa

235 1054 471 1155 benivolentia
496 1069 628 1154 tenere,
651 1068 798 1156 tuasque
823 1077 944 1126 omnes
968 1067 1051 1127 res²
1072 1072 1146 1125 non
1171 1053 1235 1125 mi-

235 1184 314 1259 nori
337 1182 424 1256 mihi
449 1207 574 1280 curae,
608 1206 713 1282 quam
738 1205 833 1252 meas
858 1204 941 1253 esse.
967 1177 1077 1273 Quod
1100 1179 1232 1252 maiore

234 1310 273 1382 in
287 1309 466 1382 varietate
491 1318 627 1382 versata
661 1319 714 1381 est
745 1303 861 1378 adhuc
886 1317 948 1378 tua
973 1329 1098 1402 causa,
1124 1331 1233 1406 quam

234 1433 396 1508 homines
433 1447 494 1505 aut
529 1431 719 1530 volebant,
757 1445 818 1504 aut
854 1419 1110 1531 opinabantur}
1147 1429 1232 1504 mihi

237 1540 357 1657 erede,
381 1582 454 1630 non
480 1570 550 1654 est,
573 1582 640 1657 pro
666 1555 766 1630 malis
791 1571 1012 1656 temporum,
1038 1555 1135 1657 quod
1160 1581 1233 1628 mo-

235 1683 321 1758 leste
347 1683 444 1756 seras.
469 1681 619 1755 Necesse
645 1695 698 1755 est
718 1684 811 1754 enim
830 1696 890 1756 aut
907 1684 1010 1756 armis
1027 1684 1142 1782 urgeri
1158 1708 1231 1789 rem

235 1784 413 1912 publicam
439 1808 679 1909 sempiternis,
712 1823 794 1908 aut,
826 1808 880 1881 his
910 1807 1053 1910 positis,
1084 1807 1232 1881 recreari

236 1933 463 2036 aliquando,.
480 1946 540 2011 aut
571 1933 729 2009 funditus
760 1936 908 2009 interire.
941 1934 978 2006 Si
1010 1960 1106 2009 arma
1139 1934 1232 2009 vale·

235 2057 340 2159 bunt3
364 2085 430 2132 nec
456 2085 533 2159 eos,
558 2085 578 2131 a
605 2059 730 2161 quibus
755 2061 919 2160 reciperis
932 2062 958 2158 ³,
976 2061 1088 2134 vereri
1113 2059 1234 2157 debes5

235 2182 302 2257 nec
328 2212 409 2284 eos,
435 2211 522 2287 quos
548 2185 722 2259 adiuvisti.
756 2185 791 2257 si
817 2186 920 2259 armis
945 2200 1007 2259 aut
1031 2186 1233 2259 conditione

211 2287 383 2410 'positis,
422 2324 483 2383 aut
516 2310 762 2410 defatigatione
799 2311 960 2411 abiectis,
994 2325 1054 2384 aut
1085 2312 1231 2385 victoria

237 2433 402 2510 detractis
418 2435 451 2537 i,
480 2439 605 2511 civitas
630 2439 872 2538 respiraverit:
906 2451 942 2510 et
975 2438 1143 2536 dignitate
1168 2438 1231 2510 frui

235 2561 332 2660 tibi,.
354 2576 391 2635 et
422 2563 569 2636 fortunis
606 2564 734 2637 licebit.
772 2564 833 2636 Sin
872 2566 1015 2637 omnino
1040 2567 1233 2638 interierint

235 2689 370 2785 omnia,
395 2689 598 2789 fueritque⁵
624 2691 654 2762 is
679 2691 807 2791 exitus,
831 2718 935 2793 quem
962 2692 1012 2764 vir
1036 2691 1233 2792 prudentis·

236 2812 361 2910 simus,
394 2814 441 2886 M.
473 2814 648 2888 Antonius
665 2817 693 2914 ⁶,
724 2818 794 2889 iarn
831 2816 1098 2916 inminebat,
1125 2843 1231 2919 quum

235 2931 372 3009 tantum
397 2938 526 3010 instare
552 2938 721 3015 malorum
748 2943 1005 3043 suspicabatur3
1029 2944 1153 3015 misera
1180 2956 1232 3016 est

235 3057 292 3132 illa
319 3061 459 3162 quidem
486 3062 698 3167 consolatio,
714 3067 777 3140 tali
800 3071 1004 3169 praesertim
1030 3069 1098 3142 ciri
1123 3085 1159 3145 et
1184 3069 1231 3142 vi·

234 3211 297 3291 ro,
322 3187 384 3261 sed
410 3203 526 3263 tamen
563 3195 777 3293 necessaria,
814 3194 901 3267 nihii
934 3221 1008 3268 esse
1043 3197 1230 3297 praecipue

235 3313 395 3414 cuiquam
422 3315 611 3391 dolendum
636 3322 674 3392 in
699 3346 760 3421 eo,
785 3321 882 3423 quod
906 3322 1070 3408 accidat2
1095 3325 1231 3394 univer-

234 3563 328 3636 enim
363 3569 613 3644 committenda
646 3572 815 3672 epistolae
846 3598 920 3647 non
952 3587 1052 3646 erant
1066 3583 1095 3671 )‚
1124 3573 1153 3644 si
1179 3585 1231 3646 at·

234 3689 390 3763 tendesa
416 3695 539 3793 (quod
566 3696 695 3796 sacis),
728 3699 886 3798 profecto
916 3701 1021 3771 etiam
1046 3699 1120 3769 sine
1146 3699 1231 3769 meis

233 3814 341 3890 literis
366 3816 553 3918 intelliges,
577 3834 612 3894 te
638 3822 770 3926 aliquid
794 3823 946 3924 habere,
971 3823 1068 3927 quod
1093 3848 1232 3922 speres3

235 3940 338 4043 nihil,
355 3942 451 4049 quod
467 3959 526 4018 aut
542 3945 611 4020 hoc
625 3963 665 4049 ¹⁰,
682 3964 743 4024 aut
760 3949 876 4055 aliquo
893 3951 940 4024 rei
959 3947 1123 4049 publicae
1139 3959 1231 4022 statu
