<?xml version="1.0" encoding="UTF-8"?>
<!DOCTYPE html PUBLIC "-//W3C//DTD XHTML 1.0 Transitional//EN"
    "http://www.w3.org/TR/xhtml1/DTD/xhtml1-transitional.dtd">
<html xmlns="http://www.w3.org/1999/xhtml" xml:lang="en" lang="en">
 <head>
  <title>
</title>
<meta http-equiv="Content-Type" content="text/html;charset=utf-8" />
  <meta name='ocr-system' content='tesseract 3.04.00' />
  <meta name='ocr-capabilities' content='ocr_page ocr_carea ocr_par ocr_line ocrx_word'/>
</head>
<body>
  <div class='ocr_page' id='page_1' title='image "./mtulliiciceroni11cicegoog/mtulliiciceroni11cicegoog_0413.png"; bbox 0 0 2648 4822; ppageno 0'>
   <div class='ocr_carea' id='block_1_1' title="bbox 261 412 914 520">
    <p class='ocr_par' dir='ltr' id='par_1_1' title="bbox 261 412 914 520">
     <span class='ocr_line' id='line_1_1' title="bbox 261 412 914 520; baseline -0.006 -27"><span class='ocrx_word' id='word_1_1' title='bbox 261 412 342 520; x_wconf 65' lang='lat'>³404</span> <span class='ocrx_word' id='word_1_2' title='bbox 648 440 914 500; x_wconf 68' lang='lat' dir='ltr'>a&#39;nnorarsonrs</span> 
     </span>
    </p>
   </div>
   <div class='ocr_carea' id='block_1_2' title="bbox 256 545 1280 3091">
    <p class='ocr_par' dir='ltr' id='par_1_2' title="bbox 269 545 1280 626">
     <span class='ocr_line' id='line_1_2' title="bbox 269 545 1280 626; baseline -0.004 -16"><span class='ocrx_word' id='word_1_3' title='bbox 269 551 288 610; x_wconf 79' lang='lat'>3</span> <span class='ocrx_word' id='word_1_4' title='bbox 309 550 354 611; x_wconf 90' lang='lat' dir='ltr'>lta</span> <span class='ocrx_word' id='word_1_5' title='bbox 373 567 481 610; x_wconf 88' lang='lat' dir='ltr'>nomen</span> <span class='ocrx_word' id='word_1_6' title='bbox 502 545 796 625; x_wconf 75' lang='lat' dir='ltr'>scribendum-eant,</span> <span class='ocrx_word' id='word_1_7' title='bbox 822 554 857 606; x_wconf 89' lang='lat' dir='ltr'>ut</span> <span class='ocrx_word' id='word_1_8' title='bbox 883 564 930 626; x_wconf 82' lang='lat' dir='ltr'>ep.</span> <span class='ocrx_word' id='word_1_9' title='bbox 950 561 1014 625; x_wconf 74' lang='lat' dir='ltr'>sup.</span> <span class='ocrx_word' id='word_1_10' title='bbox 1037 553 1135 624; x_wconf 61' lang='lat' dir='ltr'>extat,</span> <span class='ocrx_word' id='word_1_11' title='bbox 1161 564 1228 605; x_wconf 90' lang='lat' dir='ltr'>non</span> <span class='ocrx_word' id='word_1_12' title='bbox 1246 557 1280 606; x_wconf 92' lang='lat' dir='ltr'>ut</span> 
     </span>
    </p>

    <p class='ocr_par' dir='ltr' id='par_1_3' title="bbox 259 649 1278 740">
     <span class='ocr_line' id='line_1_3' title="bbox 259 649 1278 740; baseline -0.006 -21"><span class='ocrx_word' id='word_1_13' title='bbox 259 672 262 677; x_wconf 83' lang='grc'><strong>’</strong></span> <span class='ocrx_word' id='word_1_14' title='bbox 309 657 388 740; x_wconf 78' lang='lat' dir='ltr'>vulg.</span> <span class='ocrx_word' id='word_1_15' title='bbox 415 656 453 716; x_wconf 90' lang='lat' dir='ltr'>D.</span> <span class='ocrx_word' id='word_1_16' title='bbox 486 656 611 716; x_wconf 75' lang='lat' dir='ltr'>mlum.</span> <span class='ocrx_word' id='word_1_17' title='bbox 632 652 754 737; x_wconf 72' lang='lat' dir='ltr'>Pighius</span> <span class='ocrx_word' id='word_1_18' title='bbox 774 652 813 714; x_wconf 91' lang='lat' dir='ltr'>ad</span> <span class='ocrx_word' id='word_1_19' title='bbox 831 671 880 714; x_wconf 84' lang='grc' dir='ltr'>ἰιιι.</span> <span class='ocrx_word' id='word_1_20' title='bbox 903 649 1010 713; x_wconf 88' lang='lat' dir='ltr'>DCCll</span> <span class='ocrx_word' id='word_1_21' title='bbox 1031 653 1161 733; x_wconf 76' lang='lat' dir='ltr'>corrigit</span> <span class='ocrx_word' id='word_1_22' title='bbox 1174 652 1219 712; x_wconf 89' lang='lat' dir='ltr'>D.</span> <span class='ocrx_word' id='word_1_23' title='bbox 1232 652 1278 714; x_wconf 82' lang='lat' dir='ltr'>Si·</span> 
     </span>
    </p>

    <p class='ocr_par' dir='ltr' id='par_1_4' title="bbox 257 762 558 827">
     <span class='ocr_line' id='line_1_4' title="bbox 257 762 558 827; baseline -0.017 1"><span class='ocrx_word' id='word_1_24' title='bbox 257 778 261 785; x_wconf 84' lang='grc'><strong><em>’</em></strong></span> <span class='ocrx_word' id='word_1_25' title='bbox 308 766 419 827; x_wconf 65' lang='lat' dir='ltr'>muana.</span> <span class='ocrx_word' id='word_1_26' title='bbox 440 762 558 824; x_wconf 80' lang='lat' dir='ltr'>Schdtz.</span> 
     </span>
    </p>

    <p class='ocr_par' dir='ltr' id='par_1_5' title="bbox 267 873 629 953">
     <span class='ocr_line' id='line_1_5' title="bbox 267 873 629 953; baseline -0.017 -20"><span class='ocrx_word' id='word_1_27' title='bbox 267 873 422 950; x_wconf 66' lang='lat' dir='ltr'>tilronia,</span> <span class='ocrx_word' id='word_1_28' title='bbox 443 882 477 932; x_wconf 88' lang='lat' dir='ltr'>ut</span> <span class='ocrx_word' id='word_1_29' title='bbox 498 891 543 953; x_wconf 89' lang='lat' dir='ltr'>ep.</span> <span class='ocrx_word' id='word_1_30' title='bbox 564 888 629 952; x_wconf 85' lang='lat' dir='ltr'>sup.</span> 
     </span>
    </p>

    <p class='ocr_par' dir='ltr' id='par_1_6' title="bbox 266 971 1275 1061">
     <span class='ocr_line' id='line_1_6' title="bbox 266 971 1275 1061; baseline -0.006 -21"><span class='ocrx_word' id='word_1_31' title='bbox 266 977 460 1061; x_wconf 70' lang='lat' dir='ltr'>dSpecimen</span> <span class='ocrx_word' id='word_1_32' title='bbox 489 975 621 1037; x_wconf 77' lang='lat' dir='ltr'>civitatis.</span> <span class='ocrx_word' id='word_1_33' title='bbox 643 972 772 1035; x_wconf 86' lang='lat' dir='ltr'>Videtur</span> <span class='ocrx_word' id='word_1_34' title='bbox 798 972 926 1056; x_wconf 85' lang='lat' dir='ltr'>laudari,</span> <span class='ocrx_word' id='word_1_35' title='bbox 955 982 989 1033; x_wconf 90' lang='lat' dir='ltr'>ut</span> <span class='ocrx_word' id='word_1_36' title='bbox 1015 971 1097 1054; x_wconf 89' lang='lat' dir='ltr'>apud</span> <span class='ocrx_word' id='word_1_37' title='bbox 1126 972 1275 1034; x_wconf 76' lang='lat' dir='ltr'>Seneoem</span> 
     </span>
    </p>

    <p class='ocr_par' dir='ltr' id='par_1_7' title="bbox 258 1077 1274 1168">
     <span class='ocr_line' id='line_1_7' title="bbox 258 1077 1274 1168; baseline -0.005 -22"><span class='ocrx_word' id='word_1_38' title='bbox 258 1114 260 1119; x_wconf 96' lang='lat'>·</span> <span class='ocrx_word' id='word_1_39' title='bbox 306 1087 451 1168; x_wconf 75' lang='lat' dir='ltr'>specimen</span> <span class='ocrx_word' id='word_1_40' title='bbox 480 1085 634 1166; x_wconf 81' lang='lat' dir='ltr'>antiqmun</span> <span class='ocrx_word' id='word_1_41' title='bbox 666 1081 802 1164; x_wconf 71' lang='lat' dir='ltr'>imperii:</span> <span class='ocrx_word' id='word_1_42' title='bbox 833 1080 886 1141; x_wconf 83' lang='lat' dir='ltr'>sed</span> <span class='ocrx_word' id='word_1_43' title='bbox 905 1100 1009 1141; x_wconf 80' lang='lat' dir='ltr'>revera</span> <span class='ocrx_word' id='word_1_44' title='bbox 1029 1077 1199 1162; x_wconf 77' lang='lat' dir='ltr'>significat,</span> <span class='ocrx_word' id='word_1_45' title='bbox 1228 1082 1274 1142; x_wconf 81' lang='lat' dir='ltr'>vel</span> 
     </span>
    </p>

    <p class='ocr_par' dir='ltr' id='par_1_8' title="bbox 261 1187 1273 1573">
     <span class='ocr_line' id='line_1_8' title="bbox 261 1187 1273 1272; baseline -0.002 -21"><span class='ocrx_word' id='word_1_46' title='bbox 261 1211 262 1215; x_wconf 47' lang='lat'>¹</span> <span class='ocrx_word' id='word_1_47' title='bbox 306 1193 456 1254; x_wconf 85' lang='lat' dir='ltr'>amisimus</span> <span class='ocrx_word' id='word_1_48' title='bbox 476 1189 653 1269; x_wconf 88' lang='lat' dir='ltr'>hominem,</span> <span class='ocrx_word' id='word_1_49' title='bbox 669 1187 749 1248; x_wconf 87' lang='lat' dir='ltr'>unde</span> <span class='ocrx_word' id='word_1_50' title='bbox 769 1189 842 1248; x_wconf 86' lang='lat' dir='ltr'>scire</span> <span class='ocrx_word' id='word_1_51' title='bbox 862 1207 980 1270; x_wconf 84' lang='lat' dir='ltr'>posses,</span> <span class='ocrx_word' id='word_1_52' title='bbox 1011 1207 1104 1267; x_wconf 83' lang='lat' dir='ltr'>quam</span> <span class='ocrx_word' id='word_1_53' title='bbox 1126 1199 1273 1272; x_wconf 88' lang='lat' dir='ltr'>corrupta</span> 
     </span>
     <span class='ocr_line' id='line_1_9' title="bbox 306 1293 1272 1379; baseline -0.005 -18"><span class='ocrx_word' id='word_1_54' title='bbox 306 1301 423 1360; x_wconf 82' lang='lat' dir='ltr'>civitate</span> <span class='ocrx_word' id='word_1_55' title='bbox 442 1308 577 1379; x_wconf 70' lang='lat' dir='ltr'>utamur,</span> <span class='ocrx_word' id='word_1_56' title='bbox 598 1295 644 1356; x_wconf 82' lang='lat' dir='ltr'>vel</span> <span class='ocrx_word' id='word_1_57' title='bbox 665 1297 726 1355; x_wconf 88' lang='lat' dir='ltr'>aine</span> <span class='ocrx_word' id='word_1_58' title='bbox 746 1293 809 1355; x_wconf 92' lang='lat' dir='ltr'>ullo</span> <span class='ocrx_word' id='word_1_59' title='bbox 829 1294 869 1354; x_wconf 89' lang='lat' dir='ltr'>ad</span> <span class='ocrx_word' id='word_1_60' title='bbox 886 1293 967 1354; x_wconf 89' lang='lat' dir='ltr'>hunc</span> <span class='ocrx_word' id='word_1_61' title='bbox 977 1304 1133 1378; x_wconf 83' lang='lat' dir='ltr'>respectu,</span> <span class='ocrx_word' id='word_1_62' title='bbox 1148 1314 1272 1356; x_wconf 87' lang='lat' dir='ltr'>omnem</span> 
     </span>
     <span class='ocr_line' id='line_1_10' title="bbox 305 1399 1271 1485; baseline -0.001 -21"><span class='ocrx_word' id='word_1_63' title='bbox 305 1405 409 1466; x_wconf 79' lang='lat' dir='ltr'>faciem</span> <span class='ocrx_word' id='word_1_64' title='bbox 430 1405 506 1465; x_wconf 90' lang='lat' dir='ltr'>bene</span> <span class='ocrx_word' id='word_1_65' title='bbox 535 1407 709 1463; x_wconf 75' lang='lat' dir='ltr'><strong>constitutae</strong></span> <span class='ocrx_word' id='word_1_66' title='bbox 736 1405 778 1461; x_wconf 89' lang='lat' dir='ltr'>rei</span> <span class='ocrx_word' id='word_1_67' title='bbox 804 1400 887 1485; x_wconf 89' lang='lat' dir='ltr'><strong>publ.</strong></span> <span class='ocrx_word' id='word_1_68' title='bbox 908 1399 1091 1483; x_wconf 80' lang='lat' dir='ltr'><strong>perdidimus</strong></span> <span class='ocrx_word' id='word_1_69' title='bbox 1111 1421 1170 1483; x_wconf 86' lang='lat' dir='ltr'>per</span> <span class='ocrx_word' id='word_1_70' title='bbox 1192 1402 1271 1463; x_wconf 84' lang='lat' dir='ltr'>Cae·</span> 
     </span>
     <span class='ocr_line' id='line_1_11' title="bbox 305 1510 700 1573; baseline -0.013 0"><span class='ocrx_word' id='word_1_71' title='bbox 305 1515 443 1573; x_wconf 73' lang='lat' dir='ltr'>sacianos.</span> <span class='ocrx_word' id='word_1_72' title='bbox 464 1510 492 1572; x_wconf 84' lang='lat'>1.</span> <span class='ocrx_word' id='word_1_73' title='bbox 513 1511 549 1570; x_wconf 86' lang='lat' dir='ltr'>F.</span> <span class='ocrx_word' id='word_1_74' title='bbox 574 1511 700 1570; x_wconf 81' lang='lat' dir='ltr'>Gmnov.</span> 
     </span>
    </p>

    <p class='ocr_par' dir='ltr' id='par_1_9' title="bbox 264 1613 1271 1805">
     <span class='ocr_line' id='line_1_12' title="bbox 264 1613 1271 1701; baseline -0.005 -20"><span class='ocrx_word' id='word_1_75' title='bbox 264 1619 286 1681; x_wconf 84' lang='lat'><strong>6</strong></span> <span class='ocrx_word' id='word_1_76' title='bbox 296 1617 332 1680; x_wconf 92' lang='lat' dir='ltr'>V.</span> <span class='ocrx_word' id='word_1_77' title='bbox 344 1640 389 1701; x_wconf 90' lang='lat' dir='ltr'>ep.</span> <span class='ocrx_word' id='word_1_78' title='bbox 400 1640 463 1701; x_wconf 87' lang='lat' dir='ltr'>sup.</span> <span class='ocrx_word' id='word_1_79' title='bbox 475 1617 531 1677; x_wconf 89' lang='lat' dir='ltr'>Hic</span> <span class='ocrx_word' id='word_1_80' title='bbox 543 1619 630 1677; x_wconf 83' lang='lat' dir='ltr'>etiarn</span> <span class='ocrx_word' id='word_1_81' title='bbox 643 1627 740 1698; x_wconf 88' lang='lat' dir='ltr'>potest</span> <span class='ocrx_word' id='word_1_82' title='bbox 753 1614 873 1695; x_wconf 82' lang='lat' dir='ltr'>intelligi</span> <span class='ocrx_word' id='word_1_83' title='bbox 884 1613 951 1696; x_wconf 86' lang='lat' dir='ltr'>hoe,</span> <span class='ocrx_word' id='word_1_84' title='bbox 961 1613 1043 1694; x_wconf 88' lang='lat' dir='ltr'>quod</span> <span class='ocrx_word' id='word_1_85' title='bbox 1054 1613 1101 1674; x_wconf 88' lang='lat' dir='ltr'>ille</span> <span class='ocrx_word' id='word_1_86' title='bbox 1111 1613 1159 1696; x_wconf 87' lang='grc' dir='ltr'>(Ρ.</span> <span class='ocrx_word' id='word_1_87' title='bbox 1171 1614 1271 1696; x_wconf 88' lang='lat' dir='ltr'>Sulla)</span> 
     </span>
     <span class='ocr_line' id='line_1_13' title="bbox 304 1721 1269 1805; baseline -0.002 -20"><span class='ocrx_word' id='word_1_88' title='bbox 304 1725 434 1786; x_wconf 80' lang='lat' dir='ltr'>effecerit</span> <span class='ocrx_word' id='word_1_89' title='bbox 446 1727 484 1803; x_wconf 87' lang='lat' dir='ltr'>in</span> <span class='ocrx_word' id='word_1_90' title='bbox 505 1724 708 1805; x_wconf 80' lang='lat' dir='ltr'>auctionibus,</span> <span class='ocrx_word' id='word_1_91' title='bbox 728 1735 762 1784; x_wconf 92' lang='lat' dir='ltr'>ut</span> <span class='ocrx_word' id='word_1_92' title='bbox 780 1725 876 1804; x_wconf 86' lang='lat' dir='ltr'>pretia</span> <span class='ocrx_word' id='word_1_93' title='bbox 895 1721 1044 1781; x_wconf 88' lang='lat' dir='ltr'>bonorum</span> <span class='ocrx_word' id='word_1_94' title='bbox 1065 1734 1269 1800; x_wconf 80' lang='lat' dir='ltr'>augerentur:</span> 
     </span>
    </p>

    <p class='ocr_par' dir='ltr' id='par_1_10' title="bbox 256 1829 1270 2106">
     <span class='ocr_line' id='line_1_14' title="bbox 256 1829 1270 1913; baseline 0.002 -23"><span class='ocrx_word' id='word_1_95' title='bbox 256 1837 271 1865; x_wconf 79' lang='lat'>·‘</span> <span class='ocrx_word' id='word_1_96' title='bbox 303 1852 364 1913; x_wconf 89' lang='lat' dir='ltr'>quo</span> <span class='ocrx_word' id='word_1_97' title='bbox 393 1833 541 1913; x_wconf 83' lang='lat' dir='ltr'>pertinere</span> <span class='ocrx_word' id='word_1_98' title='bbox 571 1830 703 1913; x_wconf 83' lang='lat' dir='ltr'>videtur,</span> <span class='ocrx_word' id='word_1_99' title='bbox 732 1830 815 1911; x_wconf 89' lang='lat' dir='ltr'>quod</span> <span class='ocrx_word' id='word_1_100' title='bbox 840 1829 969 1889; x_wconf 81' lang='lat' dir='ltr'>Mindius</span> <span class='ocrx_word' id='word_1_101' title='bbox 1000 1837 1030 1888; x_wconf 89' lang='lat' dir='ltr'>et</span> <span class='ocrx_word' id='word_1_102' title='bbox 1049 1831 1150 1890; x_wconf 84' lang='lat' dir='ltr'>Attius</span> <span class='ocrx_word' id='word_1_103' title='bbox 1173 1835 1270 1912; x_wconf 80' lang='lat' dir='ltr'>gavisi</span> 
     </span>
     <span class='ocr_line' id='line_1_15' title="bbox 303 1934 1270 2026; baseline 0.003 -30"><span class='ocrx_word' id='word_1_104' title='bbox 303 1949 389 2021; x_wconf 87' lang='lat' dir='ltr'>sunt,</span> <span class='ocrx_word' id='word_1_105' title='bbox 409 1958 504 2020; x_wconf 83' lang='lat' dir='ltr'>quum</span> <span class='ocrx_word' id='word_1_106' title='bbox 523 1940 554 1997; x_wconf 91' lang='lat' dir='ltr'>in</span> <span class='ocrx_word' id='word_1_107' title='bbox 574 1957 662 2026; x_wconf 34' lang='lat' dir='ltr'>eolse</span> <span class='ocrx_word' id='word_1_108' title='bbox 682 1937 884 1999; x_wconf 81' lang='lat' dir='ltr'>adversarium</span> <span class='ocrx_word' id='word_1_109' title='bbox 905 1939 934 1996; x_wconf 89' lang='lat' dir='ltr'>in</span> <span class='ocrx_word' id='word_1_110' title='bbox 955 1934 1144 1996; x_wconf 85' lang='lat' dir='ltr'>auctionibus</span> <span class='ocrx_word' id='word_1_111' title='bbox 1165 1939 1270 2020; x_wconf 89' lang='lat' dir='ltr'>perdi·</span> 
     </span>
     <span class='ocr_line' id='line_1_16' title="bbox 303 2043 694 2106; baseline 0.003 -2"><span class='ocrx_word' id='word_1_112' title='bbox 303 2043 378 2105; x_wconf 87' lang='lat' dir='ltr'>disse</span> <span class='ocrx_word' id='word_1_113' title='bbox 399 2045 559 2106; x_wconf 80' lang='lat' dir='ltr'>crederent.</span> <span class='ocrx_word' id='word_1_114' title='bbox 581 2046 694 2106; x_wconf 70' lang='lat' dir='ltr'>Emesa</span> 
     </span>
    </p>

    <p class='ocr_par' dir='ltr' id='par_1_11' title="bbox 261 2151 1270 2450">
     <span class='ocr_line' id='line_1_17' title="bbox 261 2151 1269 2233; baseline 0 -22"><span class='ocrx_word' id='word_1_115' title='bbox 261 2165 280 2233; x_wconf 77' lang='lat'>7</span> <span class='ocrx_word' id='word_1_116' title='bbox 303 2154 334 2211; x_wconf 89' lang='lat' dir='ltr'>ln</span> <span class='ocrx_word' id='word_1_117' title='bbox 349 2151 475 2212; x_wconf 83' lang='lat' dir='ltr'>Galliam</span> <span class='ocrx_word' id='word_1_118' title='bbox 488 2156 664 2230; x_wconf 82' lang='lat' dir='ltr'>citeriorem,</span> <span class='ocrx_word' id='word_1_119' title='bbox 674 2151 715 2211; x_wconf 89' lang='grc' dir='ltr'>Μ.</span> <span class='ocrx_word' id='word_1_120' title='bbox 729 2152 824 2211; x_wconf 88' lang='lat' dir='ltr'>Bruto</span> <span class='ocrx_word' id='word_1_121' title='bbox 838 2170 1035 2229; x_wconf 83' lang='lat' dir='ltr'>successurus,</span> <span class='ocrx_word' id='word_1_122' title='bbox 1046 2170 1092 2232; x_wconf 65' lang='lat' dir='ltr'>en</span> <span class='ocrx_word' id='word_1_123' title='bbox 1103 2152 1235 2233; x_wconf 84' lang='lat' dir='ltr'>DXLV,</span> <span class='ocrx_word' id='word_1_124' title='bbox 1241 2153 1269 2213; x_wconf 87' lang='lat'>3.</span> 
     </span>
     <span class='ocr_line' id='line_1_18' title="bbox 305 2255 1270 2344; baseline 0.004 -25"><span class='ocrx_word' id='word_1_125' title='bbox 305 2259 347 2320; x_wconf 85' lang='lat' dir='ltr'>Vt</span> <span class='ocrx_word' id='word_1_126' title='bbox 365 2261 458 2343; x_wconf 75' lang='lat' dir='ltr'>qzdvis</span> <span class='ocrx_word' id='word_1_127' title='bbox 479 2261 634 2341; x_wconf 72' lang='lat' dir='ltr'>irnelh‘gere</span> <span class='ocrx_word' id='word_1_128' title='bbox 651 2272 770 2341; x_wconf 85' lang='lat' dir='ltr'>posset,</span> <span class='ocrx_word' id='word_1_129' title='bbox 801 2279 838 2317; x_wconf 85' lang='lat' dir='ltr'>ex</span> <span class='ocrx_word' id='word_1_130' title='bbox 864 2256 1019 2317; x_wconf 90' lang='lat' dir='ltr'>hominum</span> <span class='ocrx_word' id='word_1_131' title='bbox 1040 2255 1270 2344; x_wconf 84' lang='lat' dir='ltr'>benivolentia,</span> 
     </span>
     <span class='ocr_line' id='line_1_19' title="bbox 288 2365 983 2450; baseline -0.003 -23"><span class='ocrx_word' id='word_1_132' title='bbox 288 2386 377 2449; x_wconf 81' lang='lat' dir='ltr'>¹quae</span> <span class='ocrx_word' id='word_1_133' title='bbox 399 2367 598 2430; x_wconf 80' lang='lat' dir='ltr'>discedentem</span> <span class='ocrx_word' id='word_1_134' title='bbox 616 2377 774 2450; x_wconf 86' lang='lat' dir='ltr'>prosecuta</span> <span class='ocrx_word' id='word_1_135' title='bbox 795 2375 846 2426; x_wconf 83' lang='lat' dir='ltr'>est</span> <span class='ocrx_word' id='word_1_136' title='bbox 866 2365 983 2426; x_wconf 73' lang='lat' dir='ltr'>Marna.</span> 
     </span>
    </p>

    <p class='ocr_par' dir='ltr' id='par_1_12' title="bbox 259 2471 1269 2642">
     <span class='ocr_line' id='line_1_20' title="bbox 259 2471 1269 2559; baseline 0.002 -24"><span class='ocrx_word' id='word_1_137' title='bbox 259 2471 375 2536; x_wconf 72' lang='lat' dir='ltr'>diluta</span> <span class='ocrx_word' id='word_1_138' title='bbox 395 2474 565 2556; x_wconf 89' lang='lat' dir='ltr'>biennium,</span> <span class='ocrx_word' id='word_1_139' title='bbox 592 2474 638 2535; x_wconf 81' lang='lat' dir='ltr'>vel</span> <span class='ocrx_word' id='word_1_140' title='bbox 659 2476 837 2553; x_wconf 87' lang='lat' dir='ltr'>triennium,</span> <span class='ocrx_word' id='word_1_141' title='bbox 867 2472 1032 2556; x_wconf 84' lang='lat' dir='ltr'>Epicureus</span> <span class='ocrx_word' id='word_1_142' title='bbox 1063 2471 1185 2556; x_wconf 69' lang='lat' dir='ltr'>factus,</span> <span class='ocrx_word' id='word_1_143' title='bbox 1220 2498 1269 2559; x_wconf 87' lang='lat' dir='ltr'>ep.</span> 
     </span>
     <span class='ocr_line' id='line_1_21' title="bbox 299 2583 539 2642; baseline 0.004 -2"><span class='ocrx_word' id='word_1_144' title='bbox 299 2584 422 2640; x_wconf 83' lang='lat' dir='ltr'>DXXll.</span> <span class='ocrx_word' id='word_1_145' title='bbox 444 2583 539 2642; x_wconf 82' lang='lat' dir='ltr'>Idem.</span> 
     </span>
    </p>

    <p class='ocr_par' dir='ltr' id='par_1_13' title="bbox 257 2686 1146 2770">
     <span class='ocr_line' id='line_1_22' title="bbox 257 2686 1146 2770; baseline 0 -21"><span class='ocrx_word' id='word_1_146' title='bbox 257 2707 279 2770; x_wconf 86' lang='lat'><strong>9</strong></span> <span class='ocrx_word' id='word_1_147' title='bbox 299 2688 424 2749; x_wconf 86' lang='lat' dir='ltr'>Valebat</span> <span class='ocrx_word' id='word_1_148' title='bbox 445 2693 521 2748; x_wconf 82' lang='lat' dir='ltr'>enirn</span> <span class='ocrx_word' id='word_1_149' title='bbox 542 2688 623 2770; x_wconf 90' lang='lat' dir='ltr'>apud</span> <span class='ocrx_word' id='word_1_150' title='bbox 645 2688 802 2748; x_wconf 89' lang='lat' dir='ltr'>Caesarem</span> <span class='ocrx_word' id='word_1_151' title='bbox 823 2689 1005 2747; x_wconf 89' lang='lat' dir='ltr'>auctoritate.</span> <span class='ocrx_word' id='word_1_152' title='bbox 1026 2686 1146 2749; x_wconf 73' lang='lat' dir='ltr'>Manus.</span> 
     </span>
    </p>

    <p class='ocr_par' dir='ltr' id='par_1_14' title="bbox 262 2792 1274 3091">
     <span class='ocr_line' id='line_1_23' title="bbox 262 2792 1271 2879; baseline 0.008 -28"><span class='ocrx_word' id='word_1_153' title='bbox 262 2811 298 2853; x_wconf 89' lang='grc' dir='ltr'>ιο</span> <span class='ocrx_word' id='word_1_154' title='bbox 319 2792 385 2853; x_wconf 89' lang='lat' dir='ltr'>Hoc</span> <span class='ocrx_word' id='word_1_155' title='bbox 398 2806 455 2876; x_wconf 92' lang='lat' dir='ltr'>est,</span> <span class='ocrx_word' id='word_1_156' title='bbox 469 2816 569 2854; x_wconf 82' lang='lat' dir='ltr'>rerum</span> <span class='ocrx_word' id='word_1_157' title='bbox 584 2794 781 2853; x_wconf 85' lang='lat' dir='ltr'>humanarum</span> <span class='ocrx_word' id='word_1_158' title='bbox 796 2798 935 2876; x_wconf 87' lang='lat' dir='ltr'>peritum,</span> <span class='ocrx_word' id='word_1_159' title='bbox 946 2793 1130 2856; x_wconf 86' lang='lat' dir='ltr'>humanitate</span> <span class='ocrx_word' id='word_1_160' title='bbox 1145 2798 1271 2879; x_wconf 84' lang='lat' dir='ltr'>praedi-</span> 
     </span>
     <span class='ocr_line' id='line_1_24' title="bbox 297 2902 1274 2984; baseline 0.006 -26"><span class='ocrx_word' id='word_1_161' title='bbox 297 2909 382 2978; x_wconf 87' lang='lat' dir='ltr'>tum,</span> <span class='ocrx_word' id='word_1_162' title='bbox 402 2911 436 2960; x_wconf 92' lang='lat' dir='ltr'>ut</span> <span class='ocrx_word' id='word_1_163' title='bbox 457 2923 501 2982; x_wconf 89' lang='lat' dir='ltr'>ep.</span> <span class='ocrx_word' id='word_1_164' title='bbox 524 2902 647 2981; x_wconf 84' lang='lat' dir='ltr'>CXLll,</span> <span class='ocrx_word' id='word_1_165' title='bbox 669 2921 701 2959; x_wconf 75' lang='lat' dir='ltr'>a:</span> <span class='ocrx_word' id='word_1_166' title='bbox 723 2902 759 2960; x_wconf 83' lang='lat' dir='ltr'>Si</span> <span class='ocrx_word' id='word_1_167' title='bbox 778 2903 820 2960; x_wconf 78' lang='lat' dir='ltr'>vis</span> <span class='ocrx_word' id='word_1_168' title='bbox 841 2902 928 2961; x_wconf 69' lang='lat' dir='ltr'>ltomo</span> <span class='ocrx_word' id='word_1_169' title='bbox 949 2924 1027 2980; x_wconf 86' lang='lat' dir='ltr'>esse,</span> <span class='ocrx_word' id='word_1_170' title='bbox 1048 2904 1147 2984; x_wconf 66' lang='lat' dir='ltr'>recipe</span> <span class='ocrx_word' id='word_1_171' title='bbox 1170 2919 1198 2964; x_wconf 85' lang='lat' dir='ltr'>te</span> <span class='ocrx_word' id='word_1_172' title='bbox 1223 2907 1274 2968; x_wconf 77' lang='lat' dir='ltr'>ad</span> 
     </span>
     <span class='ocr_line' id='line_1_25' title="bbox 295 3007 1072 3091; baseline 0.003 -26"><span class='ocrx_word' id='word_1_173' title='bbox 295 3027 357 3066; x_wconf 86' lang='lat' dir='ltr'>nos.</span> <span class='ocrx_word' id='word_1_174' title='bbox 379 3009 454 3090; x_wconf 81' lang='lat' dir='ltr'>Apte</span> <span class='ocrx_word' id='word_1_175' title='bbox 474 3007 513 3067; x_wconf 87' lang='lat' dir='ltr'>ud</span> <span class='ocrx_word' id='word_1_176' title='bbox 533 3007 613 3068; x_wconf 91' lang='lat' dir='ltr'>hunc</span> <span class='ocrx_word' id='word_1_177' title='bbox 633 3007 732 3068; x_wconf 88' lang='lat' dir='ltr'>locum</span> <span class='ocrx_word' id='word_1_178' title='bbox 752 3009 835 3091; x_wconf 75' lang='lat' dir='ltr'>Virg.</span> <span class='ocrx_word' id='word_1_179' title='bbox 855 3012 927 3068; x_wconf 82' lang='lat' dir='ltr'>Aen.</span> <span class='ocrx_word' id='word_1_180' title='bbox 950 3011 976 3085; x_wconf 90' lang='lat' dir='ltr'>l,</span> <span class='ocrx_word' id='word_1_181' title='bbox 996 3007 1072 3084; x_wconf 72' lang='lat'><strong>634:</strong></span> 
     </span>
    </p>
   </div>
   <div class='ocr_carea' id='block_1_3' title="bbox 447 3165 1062 3238">
    <p class='ocr_par' dir='ltr' id='par_1_15' title="bbox 447 3165 1062 3238">
     <span class='ocr_line' id='line_1_26' title="bbox 447 3165 1062 3238; baseline -0.003 -20"><span class='ocrx_word' id='word_1_182' title='bbox 447 3168 507 3221; x_wconf 87' lang='lat' dir='ltr'>Non</span> <span class='ocrx_word' id='word_1_183' title='bbox 524 3169 610 3238; x_wconf 83' lang='lat' dir='ltr'>ignara</span> <span class='ocrx_word' id='word_1_184' title='bbox 628 3169 687 3220; x_wconf 76' lang='lat' dir='ltr'>mali</span> <span class='ocrx_word' id='word_1_185' title='bbox 705 3169 802 3221; x_wconf 83' lang='lat' dir='ltr'>miseris</span> <span class='ocrx_word' id='word_1_186' title='bbox 819 3185 967 3220; x_wconf 86' lang='lat' dir='ltr'>succurrere</span> <span class='ocrx_word' id='word_1_187' title='bbox 985 3165 1062 3219; x_wconf 88' lang='lat' dir='ltr'>disco.</span> 
     </span>
    </p>
   </div>
   <div class='ocr_carea' id='block_1_4' title="bbox 701 3437 810 3495">
    <p class='ocr_par' dir='ltr' id='par_1_16' title="bbox 701 3437 810 3495">
     <span class='ocr_line' id='line_1_27' title="bbox 701 3437 810 3495; baseline -0.009 0"><span class='ocrx_word' id='word_1_188' title='bbox 701 3437 810 3495; x_wconf 86' lang='lat' dir='ltr'>DXXl.</span> 
     </span>
    </p>
   </div>
   <div class='ocr_carea' id='block_1_5' title="bbox 253 3643 1268 4057">
    <p class='ocr_par' dir='ltr' id='par_1_17' title="bbox 259 3643 1268 3839">
     <span class='ocr_line' id='line_1_28' title="bbox 259 3643 1268 3731; baseline 0.008 -28"><span class='ocrx_word' id='word_1_189' title='bbox 259 3665 269 3703; x_wconf 95' lang='grc' dir='ltr'>ι</span> <span class='ocrx_word' id='word_1_190' title='bbox 294 3645 332 3722; x_wconf 88' lang='lat' dir='ltr'>Q.</span> <span class='ocrx_word' id='word_1_191' title='bbox 353 3648 479 3729; x_wconf 82' lang='lat' dir='ltr'>Leptae,</span> <span class='ocrx_word' id='word_1_192' title='bbox 500 3669 560 3730; x_wconf 91' lang='lat' dir='ltr'>quo</span> <span class='ocrx_word' id='word_1_193' title='bbox 582 3649 699 3708; x_wconf 88' lang='lat' dir='ltr'>fabrum</span> <span class='ocrx_word' id='word_1_194' title='bbox 720 3648 870 3731; x_wconf 84' lang='lat' dir='ltr'>praefecto</span> <span class='ocrx_word' id='word_1_195' title='bbox 897 3668 969 3707; x_wconf 88' lang='lat' dir='ltr'>usus</span> <span class='ocrx_word' id='word_1_196' title='bbox 993 3656 1036 3706; x_wconf 88' lang='lat' dir='ltr'>est</span> <span class='ocrx_word' id='word_1_197' title='bbox 1057 3643 1164 3706; x_wconf 90' lang='lat' dir='ltr'>Cicero</span> <span class='ocrx_word' id='word_1_198' title='bbox 1187 3671 1268 3731; x_wconf 87' lang='lat' dir='ltr'>pro·</span> 
     </span>
     <span class='ocr_line' id='line_1_29' title="bbox 294 3756 972 3839; baseline 0.003 -26"><span class='ocrx_word' id='word_1_199' title='bbox 294 3773 351 3813; x_wconf 90' lang='lat' dir='ltr'>cos.</span> <span class='ocrx_word' id='word_1_200' title='bbox 373 3756 403 3813; x_wconf 90' lang='lat' dir='ltr'>in</span> <span class='ocrx_word' id='word_1_201' title='bbox 424 3756 540 3839; x_wconf 76' lang='lat' dir='ltr'>Cilicia,</span> <span class='ocrx_word' id='word_1_202' title='bbox 561 3778 606 3838; x_wconf 89' lang='lat' dir='ltr'>ep.</span> <span class='ocrx_word' id='word_1_203' title='bbox 629 3757 786 3836; x_wconf 87' lang='lat' dir='ltr'>CCXLlV,</span> <span class='ocrx_word' id='word_1_204' title='bbox 807 3758 834 3816; x_wconf 83' lang='lat'>3.</span> <span class='ocrx_word' id='word_1_205' title='bbox 855 3756 972 3817; x_wconf 76' lang='lat' dir='ltr'>Manat.</span> 
     </span>
    </p>

    <p class='ocr_par' dir='ltr' id='par_1_18' title="bbox 253 3860 1265 4057">
     <span class='ocr_line' id='line_1_30' title="bbox 253 3860 1265 3944; baseline 0.009 -26"><span class='ocrx_word' id='word_1_206' title='bbox 253 3879 271 3917; x_wconf 83' lang='lat'><em>2</em></span> <span class='ocrx_word' id='word_1_207' title='bbox 292 3861 353 3920; x_wconf 88' lang='lat' dir='ltr'>Pro</span> <span class='ocrx_word' id='word_1_208' title='bbox 366 3864 457 3922; x_wconf 84' lang='lat' dir='ltr'>simul</span> <span class='ocrx_word' id='word_1_209' title='bbox 475 3877 521 3935; x_wconf 83' lang='lat' dir='ltr'>ut,</span> <span class='ocrx_word' id='word_1_210' title='bbox 543 3863 624 3944; x_wconf 90' lang='lat' dir='ltr'>quod</span> <span class='ocrx_word' id='word_1_211' title='bbox 638 3867 724 3923; x_wconf 90' lang='lat' dir='ltr'>estin</span> <span class='ocrx_word' id='word_1_212' title='bbox 739 3863 858 3923; x_wconf 89' lang='lat' dir='ltr'>duobus</span> <span class='ocrx_word' id='word_1_213' title='bbox 871 3863 979 3924; x_wconf 79' lang='lat' dir='ltr'>Ambb.</span> <span class='ocrx_word' id='word_1_214' title='bbox 997 3861 1057 3921; x_wconf 92' lang='lat' dir='ltr'>Zel.</span> <span class='ocrx_word' id='word_1_215' title='bbox 1081 3860 1122 3943; x_wconf 88' lang='lat' dir='ltr'>B,</span> <span class='ocrx_word' id='word_1_216' title='bbox 1137 3862 1213 3925; x_wconf 85' lang='lat' dir='ltr'>Rcc.</span> <span class='ocrx_word' id='word_1_217' title='bbox 1229 3879 1265 3926; x_wconf 85' lang='lat' dir='ltr'>et</span> 
     </span>
     <span class='ocr_line' id='line_1_31' title="bbox 292 3969 1262 4057; baseline 0.006 -30"><span class='ocrx_word' id='word_1_218' title='bbox 292 3969 352 4030; x_wconf 86' lang='lat' dir='ltr'>Gu.</span> <span class='ocrx_word' id='word_1_219' title='bbox 373 3970 454 4052; x_wconf 81' lang='lat' dir='ltr'>apud</span> <span class='ocrx_word' id='word_1_220' title='bbox 475 3970 660 4057; x_wconf 71' lang='lat' dir='ltr'>Emestium,</span> <span class='ocrx_word' id='word_1_221' title='bbox 686 3970 839 4052; x_wconf 88' lang='lat' dir='ltr'>quomodo</span> <span class='ocrx_word' id='word_1_222' title='bbox 859 3984 890 4032; x_wconf 89' lang='lat' dir='ltr'>et</span> <span class='ocrx_word' id='word_1_223' title='bbox 908 3970 1071 4034; x_wconf 86' lang='lat' dir='ltr'>Lambinus</span> <span class='ocrx_word' id='word_1_224' title='bbox 1091 3969 1196 4032; x_wconf 83' lang='lat' dir='ltr'>edidit.</span> <span class='ocrx_word' id='word_1_225' title='bbox 1220 3974 1262 4033; x_wconf 76' lang='lat' dir='ltr'>As</span> 
     </span>
    </p>
   </div>
   <div class='ocr_carea' id='block_1_6' title="bbox 0 0 1328 4822">
    <p class='ocr_par' dir='ltr' id='par_1_19' title="bbox 0 0 1328 4822">
     <span class='ocr_line' id='line_1_32' title="bbox 0 0 1328 4822; baseline 0 8"><span class='ocrx_word' id='word_1_226' title='bbox 0 0 1328 4822; x_wconf 95' lang='lat' dir='ltr'> </span> 
     </span>
    </p>
   </div>
  </div>
 </body>
</html>
