2648 4822
472 438 640 488 semrom
667 438 813 487 uxxxur.
928 436 1006 485 nr.
1023 437 1053 485 c
1070 432 1119 499 με

293 672 346 722 Ser.
366 672 472 721 Asturae
489 669 520 719 A.
539 668 572 718 V.
590 668 618 718 C.
638 665 787 732 nccvttl,
805 682 890 717 mense
910 665 1012 717 Martio.

464 858 607 923 CICERO
632 858 781 922 artico
806 858 837 920 S.

210 1080 221 1123 r
251 1053 344 1125 Dum
369 1048 626 1122 recordationes
653 1046 763 1144 fugio,
792 1071 882 1147 quae
906 1048 1004 1146 qussi
1030 1070 1144 1119 morsu

156 1178 306 1280 quodam
334 1176 490 1249 dolorem
516 1174 688 1271 efficiunt,
712 1174 844 1270 refugio
869 1187 941 1245 ate
959 1171 1146 1246 admoneu-

156 1305 201 1379 do
218 1324 239 1377 ¹.
265 1303 373 1396 Quod
397 1301 501 1376 velim
527 1300 612 1373 milri
637 1302 814 1399 ignoscas,
830 1298 1070 1387 cuicuimodi⁸
1085 1314 1145 1373 est

155 1432 296 1503 Etenim
321 1429 435 1502 liabeo
461 1425 647 1500 nonnullos
673 1427 798 1525 exiis,
823 1452 910 1527 quos
936 1451 1031 1499 nunc
1054 1424 1147 1499 lecti-

156 1568 215 1653 to,
240 1570 416 1653 auctores,
441 1556 499 1654 qui
527 1553 662 1651 dicant,
686 1554 760 1625 lieri
785 1553 822 1625 id
848 1566 1031 1652 oportere,
1055 1550 1148 1655 quod

156 1708 262 1780 saepe
287 1696 403 1755 tecum
428 1682 499 1779 egi,
532 1694 567 1753 et
603 1680 701 1781 quod
733 1706 753 1751 a
786 1693 821 1751 te
847 1676 1037 1779 approbari
1060 1676 1147 1751 volo

156 1809 211 1879 De
235 1808 315 1880 lano
340 1807 400 1880 illo
427 1807 524 1904 dico,
548 1807 593 1878 de
618 1832 688 1907 quo
715 1819 872 1902 tantum,
900 1817 1072 1905 quantum
1094 1826 1149 1875 me

157 1958 274 2031 amas,
305 1934 410 2008 velim
443 1935 583 2030 cogites.
620 1934 793 2034 Equidem
819 1956 931 2032 neque
957 1930 1002 2002 dc
1028 1954 1149 2029 genere

158 2057 297 2158 dubito,
323 2061 438 2159 placet
463 2061 556 2130 enim
582 2059 666 2130 mihi
692 2059 820 2131 Cluatii
836 2059 868 2130 ³:
893 2082 1007 2157 neque
1034 2056 1079 2129 de
1102 2080 1150 2154 re3

158 2199 328 2258 statutum
354 2200 408 2259 est
432 2187 538 2258 enim:
566 2186 610 2256 de
635 2184 715 2258 loco
732 2181 1021 2284 nonnunquaml.
1038 2181 1150 2255 Velim

96 2314 103 2323 '
158 2312 263 2411 igitur
287 2315 426 2411 cogites.
451 2314 546 2411 Ego,
572 2327 741 2413 quantum
766 2311 819 2384 his
845 2310 1063 2411 temporibus
1083 2324 1151 2385 tam

159 2439 301 2512 eruditis
327 2441 401 2512 lieri
427 2441 579 2539 poterit,
604 2439 763 2538 prolecto
790 2438 914 2509 illam⁵
941 2436 1150 2513 consecrabo

159 2566 255 2636 omni
281 2592 404 2662 genere
429 2567 743 2661 monimentorum,
760 2564 804 2637 ab
825 2563 981 2637 omnium
1006 2563 1150 2663 ingeniis

160 2693 387 2789 scriptorum,
418 2704 455 2763 et
488 2718 688 2788 graecorum
725 2704 762 2762 et
796 2688 984 2764 latinorum
1000 2693 1034 2762 ⁶:
1068 2714 1152 2791 quae

160 2840 215 2887 res
241 2814 385 2888 forsitan
410 2818 455 2888 sit
480 2817 679 2890 refricatura
705 2816 831 2890 vulnus
854 2842 982 2890 meum.
1000 2816 1071 2891 Sed
1086 2818 1151 2889 iem

163 2941 261 3039 quasi
288 2954 369 3013 roto
394 2943 548 3043 quodam
575 2959 610 3016 et
635 2945 808 3042 promisso
832 2969 889 3015 me
913 2944 1024 3016 teneri
1049 2956 1152 3043 puto3

164 3064 373 3167 longumque
398 3068 485 3140 illud
511 3083 665 3170 tempus,
702 3096 809 3170 quum
840 3095 913 3142 non
945 3093 1023 3168 ero,
1047 3069 1152 3169 magis

163 3219 220 3264 mc
245 3209 382 3293 movet,
407 3221 510 3295 quam
537 3196 605 3269 lroc
631 3196 806 3294 exiguum,
824 3193 920 3296 quod
936 3195 1023 3268 mibi
1040 3209 1154 3269 tamen

163 3319 309 3391 nimium
334 3320 476 3419 longum
501 3324 648 3396 videtur.
680 3322 805 3395 Habeo
830 3323 923 3395 enim
946 3320 1058 3421 nihil,
1082 3336 1154 3395 ten·

163 3447 245 3517 tatis
271 3446 373 3519 rebus
399 3448 577 3548 omnibus,
615 3453 651 3522 in
684 3475 754 3551 quo
785 3451 1012 3550 acquiescam.
1045 3446 1154 3541 Nam,

165 3568 249 3641 dum
274 3572 392 3644 illudi
419 3575 633 3673 tractabam,
671 3575 714 3647 dc
740 3600 810 3675 quo
836 3587 938 3647 antea
963 3574 1088 3674 scripsi
1112 3567 1154 3645 ad

166 3711 201 3768 te
213 3755 223 3795 ,
261 3700 358 3798 quasi
396 3699 556 3773 fovebam
591 3700 729 3775 dolores
762 3726 867 3773 meos.
906 3700 1009 3773 Nunc
1041 3697 1155 3772 omnia

168 3850 316 3922 respuo,
349 3850 413 3897 nec
446 3829 632 3929 quicquam
657 3827 770 3900 habeo
796 3824 1029 3924 tolerabilius,
1054 3846 1155 3926 quam

167 3949 415 4049 solitudinem,
453 3980 557 4054 (laram
596 3955 722 4055 (quod
762 3979 854 4027 eram
894 3952 1055 4041 veritus)
1091 3969 1158 4022 nou
