<?xml version="1.0" encoding="UTF-8"?>
<!DOCTYPE html PUBLIC "-//W3C//DTD XHTML 1.0 Transitional//EN"
    "http://www.w3.org/TR/xhtml1/DTD/xhtml1-transitional.dtd">
<html xmlns="http://www.w3.org/1999/xhtml" xml:lang="en" lang="en">
 <head>
  <title>
</title>
<meta http-equiv="Content-Type" content="text/html;charset=utf-8" />
  <meta name='ocr-system' content='tesseract 3.04.00' />
  <meta name='ocr-capabilities' content='ocr_page ocr_carea ocr_par ocr_line ocrx_word'/>
</head>
<body>
  <div class='ocr_page' id='page_1' title='image "./mtulliiciceroni11cicegoog/mtulliiciceroni11cicegoog_0233.png"; bbox 0 0 2648 4822; ppageno 0'>
   <div class='ocr_carea' id='block_1_1' title="bbox 230 446 1257 2806">
    <p class='ocr_par' dir='ltr' id='par_1_1' title="bbox 231 446 1257 2276">
     <span class='ocr_line' id='line_1_1' title="bbox 242 446 1227 536; baseline 0.004 -18"><span class='ocrx_word' id='word_1_1' title='bbox 242 446 315 518; x_wconf 67' lang='lat' dir='ltr'>aad</span> <span class='ocrx_word' id='word_1_2' title='bbox 532 460 699 516; x_wconf 70' lang='lat' dir='ltr'>ueterum</span> <span class='ocrx_word' id='word_1_3' title='bbox 729 464 924 516; x_wconf 77' lang='lat' dir='ltr'>uaxxxviu.</span> <span class='ocrx_word' id='word_1_4' title='bbox 1027 464 1057 517; x_wconf 73' lang='lat' dir='ltr'>l.</span> <span class='ocrx_word' id='word_1_5' title='bbox 1076 472 1107 518; x_wconf 85' lang='lat' dir='ltr'>v.</span> <span class='ocrx_word' id='word_1_6' title='bbox 1127 472 1157 520; x_wconf 92' lang='lat' dir='ltr'>c.</span> <span class='ocrx_word' id='word_1_7' title='bbox 1176 470 1227 536; x_wconf 63' lang='grc' dir='ltr'>,σε</span> 
     </span>
     <span class='ocr_line' id='line_1_2' title="bbox 239 569 1254 673; baseline 0.002 -28"><span class='ocrx_word' id='word_1_8' title='bbox 239 569 519 673; x_wconf 83' lang='lat' dir='ltr'>prehenduutur:</span> <span class='ocrx_word' id='word_1_9' title='bbox 545 569 642 669; x_wconf 89' lang='lat' dir='ltr'>quod</span> <span class='ocrx_word' id='word_1_10' title='bbox 667 594 724 640; x_wconf 88' lang='lat' dir='ltr'>me</span> <span class='ocrx_word' id='word_1_11' title='bbox 750 571 893 641; x_wconf 85' lang='lat' dir='ltr'>minime</span> <span class='ocrx_word' id='word_1_12' title='bbox 911 572 1078 669; x_wconf 82' lang='lat' dir='ltr'>poenitet</span> <span class='ocrx_word' id='word_1_13' title='bbox 1098 572 1135 644; x_wconf 93' lang='lat' dir='ltr'>Si</span> <span class='ocrx_word' id='word_1_14' title='bbox 1154 576 1254 648; x_wconf 89' lang='lat' dir='ltr'>enim</span> 
     </span>
     <span class='ocr_line' id='line_1_3' title="bbox 240 686 1253 799; baseline 0.004 -30"><span class='ocrx_word' id='word_1_15' title='bbox 240 696 513 798; x_wconf 75' lang='lat' dir='ltr'>pervenisseutt</span> <span class='ocrx_word' id='word_1_16' title='bbox 540 695 629 767; x_wconf 85' lang='lat' dir='ltr'>istae</span> <span class='ocrx_word' id='word_1_17' title='bbox 652 686 789 793; x_wconf 77' lang='lat' dir='ltr'>literae,</span> <span class='ocrx_word' id='word_1_18' title='bbox 815 688 899 766; x_wconf 82' lang='lat' dir='ltr'>mihi</span> <span class='ocrx_word' id='word_1_19' title='bbox 926 696 1046 795; x_wconf 89' lang='lat' dir='ltr'>crede,</span> <span class='ocrx_word' id='word_1_20' title='bbox 1072 722 1137 771; x_wconf 87' lang='lat' dir='ltr'>uos</span> <span class='ocrx_word' id='word_1_21' title='bbox 1165 726 1253 799; x_wconf 89' lang='lat' dir='ltr'>pue-</span> 
     </span>
     <span class='ocr_line' id='line_1_4' title="bbox 238 819 1254 921; baseline 0.002 -24"><span class='ocrx_word' id='word_1_22' title='bbox 238 823 375 897; x_wconf 70' lang='lat' dir='ltr'>nitent</span> <span class='ocrx_word' id='word_1_23' title='bbox 402 819 520 913; x_wconf 87' lang='lat' dir='ltr'>Quidl</span> <span class='ocrx_word' id='word_1_24' title='bbox 544 834 582 894; x_wconf 91' lang='lat' dir='ltr'>tu</span> <span class='ocrx_word' id='word_1_25' title='bbox 609 845 682 892; x_wconf 91' lang='lat' dir='ltr'>uou</span> <span class='ocrx_word' id='word_1_26' title='bbox 709 819 807 893; x_wconf 89' lang='lat' dir='ltr'>vides</span> <span class='ocrx_word' id='word_1_27' title='bbox 840 823 957 921; x_wconf 83' lang='lat' dir='ltr'>ipsum</span> <span class='ocrx_word' id='word_1_28' title='bbox 986 821 1085 894; x_wconf 93' lang='lat' dir='ltr'>illum</span> <span class='ocrx_word' id='word_1_29' title='bbox 1111 825 1254 899; x_wconf 80' lang='lat' dir='ltr'>Aristo-</span> 
     </span>
     <span class='ocr_line' id='line_1_5' title="bbox 237 945 1254 1046; baseline 0 -25"><span class='ocrx_word' id='word_1_30' title='bbox 237 947 300 1022; x_wconf 84' lang='lat' dir='ltr'>teli</span> <span class='ocrx_word' id='word_1_31' title='bbox 325 945 537 1046; x_wconf 69' lang='lat' dir='ltr'>discipulum</span> <span class='ocrx_word' id='word_1_32' title='bbox 553 947 580 1044; x_wconf 82' lang='lat'>⁸,</span> <span class='ocrx_word' id='word_1_33' title='bbox 604 969 743 1018; x_wconf 84' lang='lat' dir='ltr'>summo</span> <span class='ocrx_word' id='word_1_34' title='bbox 768 946 931 1044; x_wconf 82' lang='lat' dir='ltr'>ingenio,</span> <span class='ocrx_word' id='word_1_35' title='bbox 961 973 1097 1020; x_wconf 77' lang='lat' dir='ltr'>summa</span> <span class='ocrx_word' id='word_1_36' title='bbox 1123 947 1254 1023; x_wconf 89' lang='lat' dir='ltr'>mode-</span> 
     </span>
     <span class='ocr_line' id='line_1_6' title="bbox 237 1070 1257 1173; baseline -0.002 -26"><span class='ocrx_word' id='word_1_37' title='bbox 237 1075 327 1173; x_wconf 74' lang='lat' dir='ltr'>saia,</span> <span class='ocrx_word' id='word_1_38' title='bbox 360 1086 590 1173; x_wconf 78' lang='lat' dir='ltr'><strong>posteaquam</strong></span> <span class='ocrx_word' id='word_1_39' title='bbox 623 1096 684 1144; x_wconf 81' lang='lat' dir='ltr'>rex</span> <span class='ocrx_word' id='word_1_40' title='bbox 718 1070 915 1170; x_wconf 87' lang='lat' dir='ltr'>appellatus</span> <span class='ocrx_word' id='word_1_41' title='bbox 942 1073 1010 1170; x_wconf 86' lang='lat' dir='ltr'>sit,</span> <span class='ocrx_word' id='word_1_42' title='bbox 1033 1071 1257 1172; x_wconf 81' lang='lat' dir='ltr'>superbum,</span> 
     </span>
     <span class='ocr_line' id='line_1_7' title="bbox 237 1195 1247 1299; baseline -0.001 -26"><span class='ocrx_word' id='word_1_43' title='bbox 237 1197 433 1299; x_wconf 80' lang='lat' dir='ltr'>crudelem,</span> <span class='ocrx_word' id='word_1_44' title='bbox 463 1195 735 1270; x_wconf 87' lang='lat' dir='ltr'>immoderatum</span> <span class='ocrx_word' id='word_1_45' title='bbox 768 1195 897 1268; x_wconf 83' lang='lat' dir='ltr'>luissel</span> <span class='ocrx_word' id='word_1_46' title='bbox 929 1196 1047 1289; x_wconf 81' lang='lat' dir='ltr'>Quidl</span> <span class='ocrx_word' id='word_1_47' title='bbox 1080 1212 1119 1270; x_wconf 92' lang='lat' dir='ltr'>tu</span> <span class='ocrx_word' id='word_1_48' title='bbox 1148 1197 1247 1272; x_wconf 87' lang='lat' dir='ltr'>huuc</span> 
     </span>
     <span class='ocr_line' id='line_1_8' title="bbox 237 1320 1248 1424; baseline 0.002 -28"><span class='ocrx_word' id='word_1_49' title='bbox 237 1323 283 1396; x_wconf 91' lang='lat' dir='ltr'>de</span> <span class='ocrx_word' id='word_1_50' title='bbox 307 1348 439 1424; x_wconf 88' lang='lat' dir='ltr'>pompa</span> <span class='ocrx_word' id='word_1_51' title='bbox 457 1339 483 1422; x_wconf 82' lang='lat'>⁹,</span> <span class='ocrx_word' id='word_1_52' title='bbox 508 1322 648 1414; x_wconf 82' lang='lat' dir='ltr'>Quirini</span> <span class='ocrx_word' id='word_1_53' title='bbox 674 1320 961 1394; x_wconf 82' lang='lat' dir='ltr'><strong>contubernalem</strong></span> <span class='ocrx_word' id='word_1_54' title='bbox 976 1339 1017 1421; x_wconf 84' lang='lat'>¹⁰,</span> <span class='ocrx_word' id='word_1_55' title='bbox 1033 1321 1088 1394; x_wconf 87' lang='lat' dir='ltr'>his</span> <span class='ocrx_word' id='word_1_56' title='bbox 1114 1325 1248 1397; x_wconf 84' lang='lat' dir='ltr'>nostris</span> 
     </span>
     <span class='ocr_line' id='line_1_9' title="bbox 235 1445 1251 1552; baseline 0.003 -30"><span class='ocrx_word' id='word_1_57' title='bbox 235 1449 426 1522; x_wconf 85' lang='lat' dir='ltr'>moderatis</span> <span class='ocrx_word' id='word_1_58' title='bbox 451 1447 609 1548; x_wconf 81' lang='lat' dir='ltr'>epistolia</span> <span class='ocrx_word' id='word_1_59' title='bbox 632 1445 841 1521; x_wconf 85' lang='lat' dir='ltr'>laetaturum</span> <span class='ocrx_word' id='word_1_60' title='bbox 858 1447 982 1547; x_wconf 79' lang='lat' dir='ltr'>puteal</span> <span class='ocrx_word' id='word_1_61' title='bbox 999 1447 1062 1522; x_wconf 89' lang='lat' dir='ltr'>Ille</span> <span class='ocrx_word' id='word_1_62' title='bbox 1081 1475 1166 1523; x_wconf 91' lang='lat' dir='ltr'>veru</span> <span class='ocrx_word' id='word_1_63' title='bbox 1184 1477 1251 1552; x_wconf 85' lang='lat' dir='ltr'>po·</span> 
     </span>
     <span class='ocr_line' id='line_1_10' title="bbox 236 1571 1248 1674; baseline 0.005 -28"><span class='ocrx_word' id='word_1_64' title='bbox 236 1573 306 1646; x_wconf 85' lang='lat' dir='ltr'>tius</span> <span class='ocrx_word' id='word_1_65' title='bbox 337 1598 412 1646; x_wconf 90' lang='lat' dir='ltr'>non</span> <span class='ocrx_word' id='word_1_66' title='bbox 444 1573 577 1673; x_wconf 83' lang='lat' dir='ltr'>scripta</span> <span class='ocrx_word' id='word_1_67' title='bbox 610 1571 785 1646; x_wconf 83' lang='lat' dir='ltr'>desideret</span> <span class='ocrx_word' id='word_1_68' title='bbox 803 1589 844 1670; x_wconf 85' lang='lat'>¹¹,</span> <span class='ocrx_word' id='word_1_69' title='bbox 877 1600 983 1674; x_wconf 88' lang='lat' dir='ltr'>quam</span> <span class='ocrx_word' id='word_1_70' title='bbox 1013 1576 1144 1674; x_wconf 81' lang='lat' dir='ltr'>scripta</span> <span class='ocrx_word' id='word_1_71' title='bbox 1171 1601 1248 1651; x_wconf 89' lang='lat' dir='ltr'>nou</span> 
     </span>
     <span class='ocr_line' id='line_1_11' title="bbox 233 1696 1249 1801; baseline 0.005 -30"><span class='ocrx_word' id='word_1_72' title='bbox 233 1696 371 1800; x_wconf 80' lang='lat' dir='ltr'>pmbet</span> <span class='ocrx_word' id='word_1_73' title='bbox 398 1700 597 1795; x_wconf 75' lang='lat' dir='ltr'>Postremo,</span> <span class='ocrx_word' id='word_1_74' title='bbox 623 1712 664 1772; x_wconf 94' lang='lat' dir='ltr'>ut</span> <span class='ocrx_word' id='word_1_75' title='bbox 691 1697 794 1772; x_wconf 84' lang='lat' dir='ltr'>volet.</span> <span class='ocrx_word' id='word_1_76' title='bbox 819 1697 918 1773; x_wconf 78' lang='lat' dir='ltr'>Abiit</span> <span class='ocrx_word' id='word_1_77' title='bbox 933 1698 1037 1799; x_wconf 88' lang='lat' dir='ltr'>illud,</span> <span class='ocrx_word' id='word_1_78' title='bbox 1055 1700 1153 1801; x_wconf 87' lang='lat' dir='ltr'>quud</span> <span class='ocrx_word' id='word_1_79' title='bbox 1169 1714 1249 1776; x_wconf 83' lang='lat' dir='ltr'>tum</span> 
     </span>
     <span class='ocr_line' id='line_1_12' title="bbox 234 1816 1250 1925; baseline 0.002 -30"><span class='ocrx_word' id='word_1_80' title='bbox 234 1840 293 1896; x_wconf 74' lang='lat' dir='ltr'>t‘ne</span> <span class='ocrx_word' id='word_1_81' title='bbox 317 1816 540 1922; x_wconf 80' lang='lat' dir='ltr'>stimulabat,</span> <span class='ocrx_word' id='word_1_82' title='bbox 565 1823 663 1925; x_wconf 90' lang='lat' dir='ltr'>quod</span> <span class='ocrx_word' id='word_1_83' title='bbox 688 1823 753 1897; x_wconf 89' lang='lat' dir='ltr'>tibi</span> <span class='ocrx_word' id='word_1_84' title='bbox 779 1822 924 1925; x_wconf 88' lang='lat' dir='ltr'>dabam,</span> <span class='ocrx_word' id='word_1_85' title='bbox 949 1828 1114 1921; x_wconf 67' lang='grc' dir='ltr'>πρόβλημα</span> <span class='ocrx_word' id='word_1_86' title='bbox 1140 1826 1250 1922; x_wconf 73' lang='grc' dir='ltr'>Ἀρχι-</span> 
     </span>
     <span class='ocr_line' id='line_1_13' title="bbox 234 1949 1248 2052; baseline 0.008 -33"><span class='ocrx_word' id='word_1_87' title='bbox 234 1949 358 2042; x_wconf 62' lang='grc' dir='ltr'>μήδειεν</span> <span class='ocrx_word' id='word_1_88' title='bbox 379 1964 419 2021; x_wconf 88' lang='lat'>¹².</span> <span class='ocrx_word' id='word_1_89' title='bbox 445 1949 561 2024; x_wconf 84' lang='lat' dir='ltr'>lllultu</span> <span class='ocrx_word' id='word_1_90' title='bbox 587 1949 786 2025; x_wconf 87' lang='lat' dir='ltr'>mehercule</span> <span class='ocrx_word' id='word_1_91' title='bbox 812 1952 921 2049; x_wconf 84' lang='lat' dir='ltr'>magis</span> <span class='ocrx_word' id='word_1_92' title='bbox 951 1976 1046 2024; x_wconf 90' lang='lat' dir='ltr'>nuuc</span> <span class='ocrx_word' id='word_1_93' title='bbox 1071 1965 1160 2052; x_wconf 90' lang='lat' dir='ltr'>opto</span> <span class='ocrx_word' id='word_1_94' title='bbox 1187 1980 1248 2027; x_wconf 91' lang='lat' dir='ltr'>ca-</span> 
     </span>
     <span class='ocr_line' id='line_1_14' title="bbox 233 2073 1247 2179; baseline 0.003 -31"><span class='ocrx_word' id='word_1_95' title='bbox 233 2091 313 2148; x_wconf 83' lang='lat' dir='ltr'>aum</span> <span class='ocrx_word' id='word_1_96' title='bbox 337 2073 437 2147; x_wconf 89' lang='lat' dir='ltr'>illum</span> <span class='ocrx_word' id='word_1_97' title='bbox 456 2075 499 2176; x_wconf 80' lang='lat'>¹³,</span> <span class='ocrx_word' id='word_1_98' title='bbox 525 2097 630 2178; x_wconf 87' lang='lat' dir='ltr'>quem</span> <span class='ocrx_word' id='word_1_99' title='bbox 656 2090 732 2148; x_wconf 91' lang='lat' dir='ltr'>tum</span> <span class='ocrx_word' id='word_1_100' title='bbox 762 2074 948 2174; x_wconf 78' lang='lat' dir='ltr'>timebam,</span> <span class='ocrx_word' id='word_1_101' title='bbox 981 2077 1037 2150; x_wconf 85' lang='lat' dir='ltr'>vel</span> <span class='ocrx_word' id='word_1_102' title='bbox 1071 2103 1177 2179; x_wconf 91' lang='lat' dir='ltr'>quem</span> <span class='ocrx_word' id='word_1_103' title='bbox 1202 2078 1247 2151; x_wconf 91' lang='lat' dir='ltr'>li·</span> 
     </span>
     <span class='ocr_line' id='line_1_15' title="bbox 231 2192 341 2276; baseline -0.018 0"><span class='ocrx_word' id='word_1_104' title='bbox 231 2192 341 2276; x_wconf 77' lang='lat' dir='ltr'>tebit</span> 
     </span>
    </p>

    <p class='ocr_par' dir='ltr' id='par_1_2' title="bbox 230 2319 1246 2806">
     <span class='ocr_line' id='line_1_16' title="bbox 282 2319 1246 2431; baseline -0.007 -28"><span class='ocrx_word' id='word_1_105' title='bbox 282 2319 305 2403; x_wconf 83' lang='lat'>3</span> <span class='ocrx_word' id='word_1_106' title='bbox 331 2321 408 2403; x_wconf 70' lang='lat' dir='ltr'>Nisi</span> <span class='ocrx_word' id='word_1_107' title='bbox 433 2320 520 2431; x_wconf 90' lang='lat' dir='ltr'>quid</span> <span class='ocrx_word' id='word_1_108' title='bbox 544 2342 580 2401; x_wconf 91' lang='lat' dir='ltr'>te</span> <span class='ocrx_word' id='word_1_109' title='bbox 605 2325 701 2400; x_wconf 92' lang='lat' dir='ltr'>aliud</span> <span class='ocrx_word' id='word_1_110' title='bbox 733 2325 920 2427; x_wconf 78' lang='lat' dir='ltr'>impediet,</span> <span class='ocrx_word' id='word_1_111' title='bbox 952 2327 1040 2401; x_wconf 90' lang='lat' dir='ltr'>mihi</span> <span class='ocrx_word' id='word_1_112' title='bbox 1065 2342 1191 2429; x_wconf 88' lang='lat' dir='ltr'>optato</span> <span class='ocrx_word' id='word_1_113' title='bbox 1213 2331 1246 2396; x_wconf 72' lang='lat'>¹4</span> 
     </span>
     <span class='ocr_line' id='line_1_17' title="bbox 232 2451 1244 2555; baseline -0.002 -24"><span class='ocrx_word' id='word_1_114' title='bbox 232 2452 379 2531; x_wconf 79' lang='lat' dir='ltr'>venetia.</span> <span class='ocrx_word' id='word_1_115' title='bbox 405 2451 524 2530; x_wconf 79' lang='lat' dir='ltr'>Nicias</span> <span class='ocrx_word' id='word_1_116' title='bbox 551 2480 571 2528; x_wconf 95' lang='lat' dir='ltr'>a</span> <span class='ocrx_word' id='word_1_117' title='bbox 597 2452 779 2529; x_wconf 79' lang='lat' dir='ltr'>Dolabella</span> <span class='ocrx_word' id='word_1_118' title='bbox 805 2477 935 2552; x_wconf 83' lang='lat' dir='ltr'>magno</span> <span class='ocrx_word' id='word_1_119' title='bbox 960 2478 1068 2555; x_wconf 89' lang='lat' dir='ltr'>opere</span> <span class='ocrx_word' id='word_1_120' title='bbox 1096 2457 1244 2530; x_wconf 86' lang='lat' dir='ltr'>arcessi·</span> 
     </span>
     <span class='ocr_line' id='line_1_18' title="bbox 230 2579 1243 2681; baseline 0 -25"><span class='ocrx_word' id='word_1_121' title='bbox 230 2593 288 2656; x_wconf 81' lang='lat' dir='ltr'>tm</span> <span class='ocrx_word' id='word_1_122' title='bbox 312 2581 400 2681; x_wconf 75' lang='lat' dir='ltr'>(lagi</span> <span class='ocrx_word' id='word_1_123' title='bbox 426 2583 520 2655; x_wconf 90' lang='lat' dir='ltr'>enim</span> <span class='ocrx_word' id='word_1_124' title='bbox 544 2581 691 2679; x_wconf 81' lang='lat' dir='ltr'>literas),</span> <span class='ocrx_word' id='word_1_125' title='bbox 716 2579 783 2653; x_wconf 86' lang='lat' dir='ltr'>etsi</span> <span class='ocrx_word' id='word_1_126' title='bbox 807 2579 921 2655; x_wconf 88' lang='lat' dir='ltr'>invito</span> <span class='ocrx_word' id='word_1_127' title='bbox 948 2605 1021 2679; x_wconf 91' lang='lat' dir='ltr'>me,</span> <span class='ocrx_word' id='word_1_128' title='bbox 1038 2594 1158 2653; x_wconf 91' lang='lat' dir='ltr'>tamen</span> <span class='ocrx_word' id='word_1_129' title='bbox 1184 2607 1243 2656; x_wconf 89' lang='lat' dir='ltr'>eo·</span> 
     </span>
     <span class='ocr_line' id='line_1_19' title="bbox 231 2703 1237 2806; baseline -0.001 -27"><span class='ocrx_word' id='word_1_130' title='bbox 231 2703 313 2779; x_wconf 81' lang='lat' dir='ltr'>dam</span> <span class='ocrx_word' id='word_1_131' title='bbox 337 2731 395 2778; x_wconf 91' lang='lat' dir='ltr'>me</span> <span class='ocrx_word' id='word_1_132' title='bbox 420 2720 563 2780; x_wconf 87' lang='lat' dir='ltr'>auctore</span> <span class='ocrx_word' id='word_1_133' title='bbox 588 2704 767 2806; x_wconf 76' lang='lat' dir='ltr'>prefectus</span> <span class='ocrx_word' id='word_1_134' title='bbox 792 2718 855 2779; x_wconf 81' lang='lat' dir='ltr'>eat.</span> <span class='ocrx_word' id='word_1_135' title='bbox 881 2705 961 2781; x_wconf 89' lang='lat' dir='ltr'>Hoc</span> <span class='ocrx_word' id='word_1_136' title='bbox 978 2731 1086 2780; x_wconf 88' lang='lat' dir='ltr'>mauu</span> <span class='ocrx_word' id='word_1_137' title='bbox 1103 2731 1181 2781; x_wconf 91' lang='lat' dir='ltr'>mea</span> <span class='ocrx_word' id='word_1_138' title='bbox 1197 2708 1237 2778; x_wconf 84' lang='lat'>¹⁵.</span> 
     </span>
    </p>
   </div>
   <div class='ocr_carea' id='block_1_2' title="bbox 611 2954 1211 3058">
    <p class='ocr_par' dir='ltr' id='par_1_3' title="bbox 611 2954 1211 3058">
     <span class='ocr_line' id='line_1_20' title="bbox 611 2954 1211 3058; baseline 0.048 -36"><span class='ocrx_word' id='word_1_139' title='bbox 611 2954 858 3032; x_wconf 65' lang='lat' dir='ltr'>DLXXXIK</span> <span class='ocrx_word' id='word_1_140' title='bbox 944 2997 998 3057; x_wconf 75' lang='lat' dir='ltr'>(aa</span> <span class='ocrx_word' id='word_1_141' title='bbox 1014 2997 1065 3045; x_wconf 74' lang='lat' dir='ltr'>aa.</span> <span class='ocrx_word' id='word_1_142' title='bbox 1082 2997 1147 3058; x_wconf 80' lang='lat' dir='ltr'>xm,</span> <span class='ocrx_word' id='word_1_143' title='bbox 1162 3001 1211 3058; x_wconf 69' lang='grc' dir='ltr'>η)</span> 
     </span>
    </p>
   </div>
   <div class='ocr_carea' id='block_1_3' title="bbox 228 3129 1240 3326">
    <p class='ocr_par' dir='ltr' id='par_1_4' title="bbox 228 3129 1240 3326">
     <span class='ocr_line' id='line_1_21' title="bbox 228 3129 1240 3210; baseline 0.006 -18"><span class='ocrx_word' id='word_1_144' title='bbox 228 3129 450 3210; x_wconf 54' lang='lat' dir='ltr'>mmmm.</span> <span class='ocrx_word' id='word_1_145' title='bbox 481 3153 493 3193; x_wconf 80' lang='lat' dir='ltr'>a</span> <span class='ocrx_word' id='word_1_146' title='bbox 522 3135 623 3196; x_wconf 82' lang='lat' dir='ltr'>llieiae</span> <span class='ocrx_word' id='word_1_147' title='bbox 653 3134 692 3196; x_wconf 78' lang='lat' dir='ltr'>de</span> <span class='ocrx_word' id='word_1_148' title='bbox 720 3136 863 3196; x_wconf 88' lang='lat' dir='ltr'>luveucio</span> <span class='ocrx_word' id='word_1_149' title='bbox 890 3135 987 3196; x_wconf 86' lang='lat' dir='ltr'>Talna</span> <span class='ocrx_word' id='word_1_150' title='bbox 1015 3134 1163 3196; x_wconf 86' lang='lat' dir='ltr'>iudicium</span> <span class='ocrx_word' id='word_1_151' title='bbox 1192 3157 1240 3198; x_wconf 87' lang='lat' dir='ltr'>re-</span> 
     </span>
     <span class='ocr_line' id='line_1_22' title="bbox 266 3237 1156 3326; baseline 0.002 -26"><span class='ocrx_word' id='word_1_152' title='bbox 266 3237 340 3315; x_wconf 65' lang='lat' dir='ltr'>ferta</span> <span class='ocrx_word' id='word_1_153' title='bbox 360 3258 379 3302; x_wconf 84' lang='lat' dir='ltr'>a</span> <span class='ocrx_word' id='word_1_154' title='bbox 399 3239 438 3302; x_wconf 87' lang='lat' dir='ltr'>de</span> <span class='ocrx_word' id='word_1_155' title='bbox 458 3238 555 3302; x_wconf 73' lang='lat' dir='ltr'>hortis</span> <span class='ocrx_word' id='word_1_156' title='bbox 575 3242 709 3303; x_wconf 84' lang='lat' dir='ltr'>emendis</span> <span class='ocrx_word' id='word_1_157' title='bbox 731 3241 805 3325; x_wconf 88' lang='lat' dir='ltr'>quid</span> <span class='ocrx_word' id='word_1_158' title='bbox 824 3241 891 3304; x_wconf 82' lang='lat' dir='ltr'>fien‘</span> <span class='ocrx_word' id='word_1_159' title='bbox 912 3242 1000 3315; x_wconf 85' lang='lat' dir='ltr'>velit,</span> <span class='ocrx_word' id='word_1_160' title='bbox 1020 3243 1156 3326; x_wconf 86' lang='lat' dir='ltr'>exponit.</span> 
     </span>
    </p>
   </div>
   <div class='ocr_carea' id='block_1_4' title="bbox 263 3444 1194 3517">
    <p class='ocr_par' dir='ltr' id='par_1_5' title="bbox 263 3444 1194 3517">
     <span class='ocr_line' id='line_1_23' title="bbox 263 3444 1194 3517; baseline 0.001 -18"><span class='ocrx_word' id='word_1_161' title='bbox 263 3444 319 3501; x_wconf 81' lang='lat' dir='ltr'>Ser.</span> <span class='ocrx_word' id='word_1_162' title='bbox 336 3445 364 3501; x_wconf 83' lang='lat' dir='ltr'>iu</span> <span class='ocrx_word' id='word_1_163' title='bbox 381 3446 528 3501; x_wconf 72' lang='lat' dir='ltr'>&#39;l&#39;uteuleuo</span> <span class='ocrx_word' id='word_1_164' title='bbox 546 3449 576 3500; x_wconf 77' lang='lat' dir='ltr'>el.</span> <span class='ocrx_word' id='word_1_165' title='bbox 595 3448 627 3500; x_wconf 87' lang='lat' dir='ltr'>V.</span> <span class='ocrx_word' id='word_1_166' title='bbox 646 3448 674 3500; x_wconf 87' lang='lat' dir='ltr'>C.</span> <span class='ocrx_word' id='word_1_167' title='bbox 694 3447 886 3514; x_wconf 74' lang='lat' dir='ltr'>Dccv111‚a.</span> <span class='ocrx_word' id='word_1_168' title='bbox 906 3447 933 3501; x_wconf 91' lang='lat' dir='ltr'>d.</span> <span class='ocrx_word' id='word_1_169' title='bbox 951 3446 1003 3500; x_wconf 87' lang='lat' dir='ltr'>Vll</span> <span class='ocrx_word' id='word_1_170' title='bbox 1022 3447 1080 3503; x_wconf 72' lang='lat' dir='ltr'>Kal.</span> <span class='ocrx_word' id='word_1_171' title='bbox 1099 3447 1194 3517; x_wconf 83' lang='lat' dir='ltr'>Quint.</span> 
     </span>
    </p>
   </div>
   <div class='ocr_carea' id='block_1_5' title="bbox 539 3641 919 3714">
    <p class='ocr_par' dir='ltr' id='par_1_6' title="bbox 539 3641 919 3714">
     <span class='ocr_line' id='line_1_24' title="bbox 539 3641 919 3714; baseline -0.003 -4"><span class='ocrx_word' id='word_1_172' title='bbox 539 3641 685 3713; x_wconf 81' lang='lat' dir='ltr'>ClCEllO</span> <span class='ocrx_word' id='word_1_173' title='bbox 711 3643 863 3714; x_wconf 75' lang='lat' dir='ltr'><strong>ATTICO</strong></span> <span class='ocrx_word' id='word_1_174' title='bbox 889 3649 919 3712; x_wconf 89' lang='lat' dir='ltr'>S.</span> 
     </span>
    </p>
   </div>
   <div class='ocr_carea' id='block_1_6' title="bbox 224 3831 1232 4057">
    <p class='ocr_par' dir='ltr' id='par_1_7' title="bbox 224 3831 1232 4057">
     <span class='ocr_line' id='line_1_25' title="bbox 280 3831 1232 3937; baseline 0.004 -32"><span class='ocrx_word' id='word_1_175' title='bbox 280 3851 292 3905; x_wconf 87' lang='lat'>1</span> <span class='ocrx_word' id='word_1_176' title='bbox 322 3832 442 3927; x_wconf 87' lang='lat' dir='ltr'>Quum</span> <span class='ocrx_word' id='word_1_177' title='bbox 468 3834 567 3935; x_wconf 84' lang='lat' dir='ltr'>quasi</span> <span class='ocrx_word' id='word_1_178' title='bbox 592 3833 677 3908; x_wconf 82' lang='lat' dir='ltr'>alias</span> <span class='ocrx_word' id='word_1_179' title='bbox 702 3856 757 3909; x_wconf 83' lang='lat' dir='ltr'>rea</span> <span class='ocrx_word' id='word_1_180' title='bbox 783 3855 986 3937; x_wconf 78' lang='lat' dir='ltr'>quaererem</span> <span class='ocrx_word' id='word_1_181' title='bbox 1011 3831 1057 3908; x_wconf 89' lang='lat' dir='ltr'>de</span> <span class='ocrx_word' id='word_1_182' title='bbox 1080 3832 1232 3936; x_wconf 85' lang='lat' dir='ltr'>philolo·</span> 
     </span>
     <span class='ocr_line' id='line_1_26' title="bbox 224 3956 1230 4057; baseline 0.007 -28"><span class='ocrx_word' id='word_1_183' title='bbox 224 3956 276 4053; x_wconf 78' lang='lat' dir='ltr'>gia</span> <span class='ocrx_word' id='word_1_184' title='bbox 300 3983 320 4030; x_wconf 91' lang='lat' dir='ltr'>e</span> <span class='ocrx_word' id='word_1_185' title='bbox 344 3957 444 4035; x_wconf 86' lang='lat' dir='ltr'>Nicia</span> <span class='ocrx_word' id='word_1_186' title='bbox 464 3975 488 4057; x_wconf 89' lang='lat'>¹,</span> <span class='ocrx_word' id='word_1_187' title='bbox 512 3959 699 4034; x_wconf 84' lang='lat' dir='ltr'>incidimus</span> <span class='ocrx_word' id='word_1_188' title='bbox 724 3962 761 4036; x_wconf 93' lang='lat' dir='ltr'>iu</span> <span class='ocrx_word' id='word_1_189' title='bbox 785 3961 938 4036; x_wconf 87' lang='lat' dir='ltr'>Talnam</span> <span class='ocrx_word' id='word_1_190' title='bbox 954 3978 979 4033; x_wconf 82' lang='lat'>³.</span> <span class='ocrx_word' id='word_1_191' title='bbox 1012 3959 1077 4036; x_wconf 91' lang='lat' dir='ltr'>llle</span> <span class='ocrx_word' id='word_1_192' title='bbox 1103 3960 1148 4036; x_wconf 92' lang='lat' dir='ltr'>de</span> <span class='ocrx_word' id='word_1_193' title='bbox 1174 3962 1230 4036; x_wconf 90' lang='lat' dir='ltr'>in·</span> 
     </span>
    </p>
   </div>
   <div class='ocr_carea' id='block_1_7' title="bbox 0 0 1328 4822">
    <p class='ocr_par' dir='ltr' id='par_1_8' title="bbox 0 0 1328 4822">
     <span class='ocr_line' id='line_1_27' title="bbox 0 0 1328 4822; baseline 0 4"><span class='ocrx_word' id='word_1_194' title='bbox 0 0 1328 4822; x_wconf 95' lang='lat' dir='ltr'> </span> 
     </span>
    </p>
   </div>
  </div>
 </body>
</html>
