2648 4822
159 388 232 484 504
394 381 398 387 ’
521 401 792 457 Annortrronra

197 514 290 598 poerit
302 511 397 573 videri
410 509 470 570 hoc
481 519 681 592 consectatus,
700 518 736 568 ut
755 527 827 569 suae
845 515 962 589 partes,
984 507 1100 570 scilicet
1117 523 1163 569 rut

198 641 289 682 causa
314 621 450 703 superior
475 617 635 678 rideretur.
657 615 816 679 eudochia
840 618 921 677 enim
941 614 1041 685 valde
1060 617 1164 700 probr-

198 726 268 789 bilia
294 749 366 788 esse.
391 725 502 787 Confer
525 745 572 807 ep.
599 724 774 802 uertitur,
801 724 829 784 3.
855 723 977 785 muru
1006 725 1165 787 Lambinus

197 857 308 921 easque
324 849 427 920 parter
447 833 557 914 curui,
576 846 616 894 ut.

601 1072 727 1135 nexu.

162 1290 172 1330 r
199 1268 232 1328 ln
252 1265 401 1328 Tulliolae
413 1274 535 1349 ,morte3
555 1284 602 1348 ep.
622 1260 749 1324 DCXIV
770 1273 844 1323 extr.
866 1261 984 1323 Manat.

157 1396 176 1438 α
197 1375 274 1460 Epp.
293 1374 441 1452 DXClll,
461 1372 482 1435 5
503 1384 535 1433 et
552 1372 681 1448 DCXX‚
706 1393 730 1431 1.

157 1484 176 1545 3
197 1484 292 1563 Quod
312 1485 383 1544 eum'
401 1479 576 1542 Dolabellae
598 1479 636 1541 de
656 1479 778 1540 meliore
791 1489 862 1538 nota
875 1477 1169 1558 commendaverim

197 1613 244 1674 ep.
264 1590 358 1672 Del„
377 1612 400 1650 ι.
421 1589 539 1650 Manut.

157 1696 298 1774 dVerba
319 1695 373 1756 Ad
392 1697 590 1776 Ligarianam
616 1693 725 1755 absunt
749 1693 788 1753 ab
813 1692 995 1753 editionibus
1016 1704 1088 1754 aute
1110 1694 1168 1753 Bo·

196 1808 282 1865 aium.
298 1803 409 1864 Confer
423 1823 468 1885 ep.
482 1802 591 1880 new,
605 1823 632 1861 α.
645 1802 686 1862 In
697 1803 892 1882 Ligarianam
905 1800 1000 1861 edidit
1010 1800 1167 1862 Schiitziru

197 1910 319 1972 iubente
341 1911 495 1970 Gronovio
517 1930 555 1969 ex
575 1930 622 1993 ep.
642 1911 760 1987 XVIH,
779 1907 877 1970 6:111
897 1910 983 1970 illam
1003 1911 1168 1970 orutr'onem

196 2019 382 2084 Metellinam
394 2016 505 2079 addidi
509 2042 518 2090 ,-
533 2029 563 2078 et
577 2040 614 2078 ex
625 2017 743 2078 Sallust
757 2020 787 2077 in
800 2029 875 2078 orat
890 2017 1037 2078 Caesaris:
1055 2018 1169 2101 Qrmrr·

195 2127 296 2187 obrem
318 2129 349 2186 in
369 2126 540 2186 sententium
559 2124 732 2186 addidistis.
754 2124 832 2185 Vide
851 2128 948 2207 iprum
970 2126 1108 2187 Gronov.
1129 2125 1169 2187 ad

195 2235 326 2296 Senecae
345 2233 507 2310 Tyhestem
521 2233 560 2312 V,
579 2232 649 2316 995
671 2232 732 2292 Sed
752 2244 782 2293 et
801 2230 914 2292 addere
926 2231 972 2292 ad
984 2232 1124 2314 pluribus
1138 2238 1168 2293 iu

195 2339 267 2402 locie
279 2342 358 2402 idem
374 2341 435 2401 Cic.
449 2340 538 2423 dixit,
559 2362 657 2422 neque
672 2361 793 2415 censeo,
814 2361 916 2400 omues
936 2343 1060 2400 omuino
1082 2340 1170 2401 locu-

193 2451 289 2511 tiones
310 2450 407 2532 operia
428 2448 568 2529 alicuius,
588 2450 764 2531 praesertim
780 2447 945 2508 cuiusmodi
966 2459 1037 2509 sunt
1057 2452 1169 2532 epieto·

194 2555 256 2633 lae,
277 2555 315 2615 ad
337 2577 427 2615 unam
449 2554 591 2635 loquendi
613 2555 740 2614 formam
762 2576 825 2615 esse
845 2554 1033 2636 redigendas.

153 2662 287 2740 5Qu0d
309 2663 418 2722 scilicet
439 2661 478 2720 al)
506 2665 566 2722 istis
594 2662 769 2723 mulieribus
797 2666 950 2743 instigatus
976 2667 1014 2723 sit
1039 2665 1170 2725 Tubcm

194 2771 233 2828 ad
259 2768 460 2829 accusandum
486 2770 641 2850 Ligarium
669 2769 751 2851 apud
780 2770 951 2849 Caesarem,
978 2771 1031 2832 ubi
1061 2772 1169 2833 Cicero

193 2879 327 2935 oratioue
348 2897 401 2934 sua
424 2897 493 2934 cum
515 2874 656 2937 defendit
680 2879 808 2938 Gronov.

152 2980 173 3041 6
194 2982 260 3040 Hoc
281 2994 340 3060 est,
361 2993 441 3042 extra
462 2982 581 3064 culpam
602 3005 730 3065 ponere,
757 2987 842 3067 quasi
870 2988 930 3046 istis
955 2989 1056 3067 potius
1078 2986 1167 3047 femi·

192 3093 252 3167 nis,
272 3111 363 3170 quam
377 3112 432 3149 suo
446 3093 579 3174 ingenio,
601 3095 686 3152 istam
701 3097 919 3153 accusationem
934 3092 1059 3153 dederit
1085 3095 1169 3155 Gro-

191 3219 255 3257 nov.
283 3195 439 3257 Schiitzius
466 3220 504 3258 cx
531 3203 702 3261 coniectma
728 3201 856 3261 Ernestii
878 3199 972 3260 edidit
992 3201 1166 3281 offinderr,

191 3306 275 3384 quusi
304 3305 458 3387 vulgatum
489 3306 644 3386 defendere
658 3320 822 3390 ,repugnet
852 3308 1005 3369 subiectae
1036 3314 1167 3392 rationi,

190 3412 275 3492 quod
300 3434 407 3497 nempe
429 3412 556 3473 Tubero
584 3418 621 3475 sit
646 3416 839 3498 querelarum
866 3417 1011 3497 cupidus3
1037 3422 1086 3477 cui
1116 3441 1167 3478 ra-

144 3548 145 3552 *
190 3521 263 3580 tioui
286 3532 389 3581 contra
409 3520 538 3602 quadret
560 3524 672 3603 optime
686 3523 812 3584 verbum
832 3523 990 3604 offendere.
1010 3524 1165 3606 Explano:

189 3625 263 3685 Mihi
285 3610 345 3688 ndu
366 3640 410 3688 est
430 3632 520 3710 tanti,
541 3640 575 3689 ut
594 3629 746 3691 homiuem
767 3631 928 3713 querulum
949 3641 979 3690 et
1000 3621 1166 3713 litigiosum

192 3754 210 3792 a
231 3733 317 3816 culpa
339 3735 471 3796 liberem.

154 3862 170 3918 7
195 3839 260 3899 Hoc
280 3841 399 3903 videtur
419 3847 568 3925 pertinere
589 3846 627 3906 ael
652 3848 858 3927 Ligarianam,
885 3866 976 3926 quam
996 3848 1115 3907 Atticus
1135 3851 1166 3908 in

193 3968 330 4013 consessu
351 3952 483 4013 virorum
510 3954 656 4016 nobilium
684 3954 804 4036 legerat
825 3953 944 4015 Sclu'itz,
971 3954 1165 4037 spectatores
