<?xml version="1.0" encoding="UTF-8"?>
<!DOCTYPE html PUBLIC "-//W3C//DTD XHTML 1.0 Transitional//EN"
    "http://www.w3.org/TR/xhtml1/DTD/xhtml1-transitional.dtd">
<html xmlns="http://www.w3.org/1999/xhtml" xml:lang="en" lang="en">
 <head>
  <title>
</title>
<meta http-equiv="Content-Type" content="text/html;charset=utf-8" />
  <meta name='ocr-system' content='tesseract 3.04.00' />
  <meta name='ocr-capabilities' content='ocr_page ocr_carea ocr_par ocr_line ocrx_word'/>
</head>
<body>
  <div class='ocr_page' id='page_1' title='image "./mtulliiciceroni11cicegoog/mtulliiciceroni11cicegoog_0526.png"; bbox 0 0 2648 4822; ppageno 0'>
   <div class='ocr_carea' id='block_1_1' title="bbox 19 437 1102 1830">
    <p class='ocr_par' dir='ltr' id='par_1_1' title="bbox 19 437 1102 1075">
     <span class='ocr_line' id='line_1_1' title="bbox 468 437 1101 540; baseline 0.006 -31"><span class='ocrx_word' id='word_1_1' title='bbox 468 462 505 511; x_wconf 80' lang='lat' dir='ltr'>rr</span> <span class='ocrx_word' id='word_1_2' title='bbox 530 458 723 512; x_wconf 78' lang='lat' dir='ltr'>nrrsronss</span> <span class='ocrx_word' id='word_1_3' title='bbox 1026 437 1101 540; x_wconf 80' lang='lat'>519</span> 
     </span>
     <span class='ocr_line' id='line_1_2' title="bbox 132 559 1102 645; baseline 0.002 -20"><span class='ocrx_word' id='word_1_4' title='bbox 132 561 309 625; x_wconf 85' lang='lat' dir='ltr'>DCCLVlH</span> <span class='ocrx_word' id='word_1_5' title='bbox 321 559 346 643; x_wconf 89' lang='lat'>),</span> <span class='ocrx_word' id='word_1_6' title='bbox 366 560 404 624; x_wconf 92' lang='lat' dir='ltr'>de</span> <span class='ocrx_word' id='word_1_7' title='bbox 425 583 486 645; x_wconf 89' lang='lat' dir='ltr'>qua</span> <span class='ocrx_word' id='word_1_8' title='bbox 506 567 583 623; x_wconf 88' lang='lat' dir='ltr'>iuter</span> <span class='ocrx_word' id='word_1_9' title='bbox 605 561 701 623; x_wconf 86' lang='lat' dir='ltr'>Cluvii</span> <span class='ocrx_word' id='word_1_10' title='bbox 726 560 856 623; x_wconf 85' lang='lat' dir='ltr'>heredes</span> <span class='ocrx_word' id='word_1_11' title='bbox 874 561 1049 626; x_wconf 78' lang='lat' dir='ltr'>Ciceronem</span> <span class='ocrx_word' id='word_1_12' title='bbox 1069 576 1102 627; x_wconf 91' lang='lat' dir='ltr'>et</span> 
     </span>
     <span class='ocr_line' id='line_1_3' title="bbox 131 668 1099 753; baseline 0.003 -21"><span class='ocrx_word' id='word_1_13' title='bbox 131 669 170 732; x_wconf 89' lang='grc' dir='ltr'>Τ.</span> <span class='ocrx_word' id='word_1_14' title='bbox 191 670 400 731; x_wconf 79' lang='lat' dir='ltr'>Hordeonium</span> <span class='ocrx_word' id='word_1_15' title='bbox 426 681 614 730; x_wconf 76' lang='lat' dir='ltr'>convenerat</span> <span class='ocrx_word' id='word_1_16' title='bbox 641 668 759 730; x_wconf 76' lang='lat' dir='ltr'>Schr‘itz.</span> <span class='ocrx_word' id='word_1_17' title='bbox 787 671 1007 753; x_wconf 69' lang='lat' dir='ltr'>interpungunt</span> <span class='ocrx_word' id='word_1_18' title='bbox 1029 672 1099 735; x_wconf 72' lang='lat' dir='ltr'>edu</span> 
     </span>
     <span class='ocr_line' id='line_1_4' title="bbox 129 773 1099 862; baseline 0.003 -24"><span class='ocrx_word' id='word_1_19' title='bbox 129 796 175 862; x_wconf 88' lang='lat' dir='ltr'>pr.</span> <span class='ocrx_word' id='word_1_20' title='bbox 198 800 267 839; x_wconf 88' lang='lat' dir='ltr'>cum</span> <span class='ocrx_word' id='word_1_21' title='bbox 287 777 378 839; x_wconf 77' lang='lat' dir='ltr'>Aldu:</span> <span class='ocrx_word' id='word_1_22' title='bbox 400 777 447 837; x_wconf 88' lang='lat' dir='ltr'>De</span> <span class='ocrx_word' id='word_1_23' title='bbox 467 778 604 838; x_wconf 77' lang='lat' dir='ltr'>asserione</span> <span class='ocrx_word' id='word_1_24' title='bbox 622 776 838 860; x_wconf 79' lang='lat' dir='ltr'>proscribenda</span> <span class='ocrx_word' id='word_1_25' title='bbox 857 773 997 861; x_wconf 73' lang='lat' dir='ltr'>equidem</span> <span class='ocrx_word' id='word_1_26' title='bbox 1016 780 1099 841; x_wconf 76' lang='lat' dir='ltr'>loerr-</span> 
     </span>
     <span class='ocr_line' id='line_1_5' title="bbox 129 896 339 946; baseline -0.005 0"><span class='ocrx_word' id='word_1_27' title='bbox 129 899 174 946; x_wconf 81' lang='lat' dir='ltr'>rus</span> <span class='ocrx_word' id='word_1_28' title='bbox 196 908 262 945; x_wconf 85' lang='lat' dir='ltr'>sum</span> <span class='ocrx_word' id='word_1_29' title='bbox 284 896 339 946; x_wconf 89' lang='lat' dir='ltr'>etc.</span> 
     </span>
     <span class='ocr_line' id='line_1_6' title="bbox 19 991 1031 1075; baseline 0 -22"><span class='ocrx_word' id='word_1_30' title='bbox 19 1062 23 1068; x_wconf 29' lang='lat'>¹</span> <span class='ocrx_word' id='word_1_31' title='bbox 93 1015 127 1053; x_wconf 76' lang='grc' dir='ltr'>ια</span> <span class='ocrx_word' id='word_1_32' title='bbox 150 993 294 1053; x_wconf 85' lang='lat' dir='ltr'>Cluviana</span> <span class='ocrx_word' id='word_1_33' title='bbox 313 991 407 1075; x_wconf 82' lang='lat' dir='ltr'>bone,</span> <span class='ocrx_word' id='word_1_34' title='bbox 428 1013 508 1074; x_wconf 80' lang='lat' dir='ltr'>qiree</span> <span class='ocrx_word' id='word_1_35' title='bbox 527 994 559 1053; x_wconf 85' lang='lat' dir='ltr'>in</span> <span class='ocrx_word' id='word_1_36' title='bbox 578 993 716 1053; x_wconf 84' lang='lat' dir='ltr'>auctione</span> <span class='ocrx_word' id='word_1_37' title='bbox 737 991 891 1054; x_wconf 76' lang='lat' dir='ltr'>venibunt.</span> <span class='ocrx_word' id='word_1_38' title='bbox 912 992 1031 1055; x_wconf 72' lang='lat' dir='ltr'>Mamer.</span> 
     </span>
    </p>

    <p class='ocr_par' dir='ltr' id='par_1_2' title="bbox 94 1098 1102 1830">
     <span class='ocr_line' id='line_1_7' title="bbox 94 1098 1100 1183; baseline -0.001 -22"><span class='ocrx_word' id='word_1_39' title='bbox 94 1102 128 1161; x_wconf 82' lang='lat'>13</span> <span class='ocrx_word' id='word_1_40' title='bbox 149 1101 243 1161; x_wconf 86' lang='lat' dir='ltr'>Balbo</span> <span class='ocrx_word' id='word_1_41' title='bbox 267 1099 404 1183; x_wconf 82' lang='lat' dir='ltr'>placebat</span> <span class='ocrx_word' id='word_1_42' title='bbox 431 1099 594 1182; x_wconf 80' lang='lat' dir='ltr'><strong>proscribi,</strong></span> <span class='ocrx_word' id='word_1_43' title='bbox 620 1099 650 1159; x_wconf 91' lang='lat' dir='ltr'>b.</span> <span class='ocrx_word' id='word_1_44' title='bbox 679 1120 705 1161; x_wconf 84' lang='lat' dir='ltr'>e.</span> <span class='ocrx_word' id='word_1_45' title='bbox 732 1098 902 1183; x_wconf 86' lang='lat' dir='ltr'>publicari,</span> <span class='ocrx_word' id='word_1_46' title='bbox 929 1102 1100 1167; x_wconf 79' lang='lat' dir='ltr'><strong>auctionem</strong></span> 
     </span>
     <span class='ocr_line' id='line_1_8' title="bbox 128 1206 1102 1293; baseline 0 -25"><span class='ocrx_word' id='word_1_47' title='bbox 128 1212 297 1293; x_wconf 90' lang='lat' dir='ltr'>propinquo</span> <span class='ocrx_word' id='word_1_48' title='bbox 325 1207 390 1287; x_wconf 92' lang='lat' dir='ltr'>die,</span> <span class='ocrx_word' id='word_1_49' title='bbox 417 1206 477 1268; x_wconf 86' lang='lat' dir='ltr'>scil.</span> <span class='ocrx_word' id='word_1_50' title='bbox 506 1227 567 1267; x_wconf 89' lang='lat' dir='ltr'>non</span> <span class='ocrx_word' id='word_1_51' title='bbox 591 1206 683 1288; x_wconf 79' lang='lat' dir='ltr'>longa</span> <span class='ocrx_word' id='word_1_52' title='bbox 704 1228 722 1266; x_wconf 91' lang='lat' dir='ltr'>a</span> <span class='ocrx_word' id='word_1_53' title='bbox 743 1206 877 1268; x_wconf 79' lang='lat' dir='ltr'>Caesaris</span> <span class='ocrx_word' id='word_1_54' title='bbox 903 1206 1035 1268; x_wconf 82' lang='lat' dir='ltr'>adventu</span> <span class='ocrx_word' id='word_1_55' title='bbox 1062 1227 1102 1268; x_wconf 79' lang='lat' dir='ltr'>ex</span> 
     </span>
     <span class='ocr_line' id='line_1_9' title="bbox 129 1307 1101 1398; baseline -0.002 -22"><span class='ocrx_word' id='word_1_56' title='bbox 129 1316 283 1398; x_wconf 80' lang='lat' dir='ltr'>Hispania,</span> <span class='ocrx_word' id='word_1_57' title='bbox 304 1328 335 1375; x_wconf 90' lang='lat' dir='ltr'>et</span> <span class='ocrx_word' id='word_1_58' title='bbox 355 1313 499 1398; x_wconf 76' lang='lat' dir='ltr'>proscribi</span> <span class='ocrx_word' id='word_1_59' title='bbox 514 1316 629 1374; x_wconf 85' lang='lat' dir='ltr'>Romae</span> <span class='ocrx_word' id='word_1_60' title='bbox 642 1317 760 1398; x_wconf 87' lang='lat' dir='ltr'>potius,</span> <span class='ocrx_word' id='word_1_61' title='bbox 780 1335 872 1396; x_wconf 87' lang='lat' dir='ltr'>quem</span> <span class='ocrx_word' id='word_1_62' title='bbox 885 1314 1033 1392; x_wconf 75' lang='lat' dir='ltr'>Puteolis,</span> <span class='ocrx_word' id='word_1_63' title='bbox 1048 1307 1101 1374; x_wconf 88' lang='lat' dir='ltr'>ubl</span> 
     </span>
     <span class='ocr_line' id='line_1_10' title="bbox 128 1420 1102 1505; baseline -0.001 -22"><span class='ocrx_word' id='word_1_64' title='bbox 128 1424 226 1483; x_wconf 86' lang='lat' dir='ltr'>fuerat</span> <span class='ocrx_word' id='word_1_65' title='bbox 246 1423 383 1483; x_wconf 88' lang='lat' dir='ltr'>Cluvius:</span> <span class='ocrx_word' id='word_1_66' title='bbox 405 1421 489 1505; x_wconf 91' lang='lat' dir='ltr'>quod</span> <span class='ocrx_word' id='word_1_67' title='bbox 510 1424 532 1481; x_wconf 89' lang='lat' dir='ltr'>si</span> <span class='ocrx_word' id='word_1_68' title='bbox 554 1421 665 1483; x_wconf 87' lang='lat' dir='ltr'>Caesar</span> <span class='ocrx_word' id='word_1_69' title='bbox 687 1424 754 1504; x_wconf 88' lang='lat' dir='ltr'>(qui</span> <span class='ocrx_word' id='word_1_70' title='bbox 769 1425 876 1505; x_wconf 90' lang='lat' dir='ltr'>etipse</span> <span class='ocrx_word' id='word_1_71' title='bbox 897 1420 1021 1482; x_wconf 84' lang='lat' dir='ltr'>coheres</span> <span class='ocrx_word' id='word_1_72' title='bbox 1036 1430 1102 1482; x_wconf 81' lang='lat' dir='ltr'>eret</span> 
     </span>
     <span class='ocr_line' id='line_1_11' title="bbox 129 1527 1101 1613; baseline -0.003 -21"><span class='ocrx_word' id='word_1_73' title='bbox 129 1554 198 1592; x_wconf 90' lang='lat' dir='ltr'>cum</span> <span class='ocrx_word' id='word_1_74' title='bbox 226 1532 385 1613; x_wconf 80' lang='lat' dir='ltr'>Cicerone,</span> <span class='ocrx_word' id='word_1_75' title='bbox 413 1528 518 1591; x_wconf 86' lang='lat' dir='ltr'>Offilio</span> <span class='ocrx_word' id='word_1_76' title='bbox 545 1541 576 1590; x_wconf 89' lang='lat' dir='ltr'>et</span> <span class='ocrx_word' id='word_1_77' title='bbox 600 1529 719 1612; x_wconf 85' lang='lat' dir='ltr'>Balbo)</span> <span class='ocrx_word' id='word_1_78' title='bbox 744 1551 807 1591; x_wconf 92' lang='lat' dir='ltr'>non</span> <span class='ocrx_word' id='word_1_79' title='bbox 832 1531 873 1590; x_wconf 88' lang='lat' dir='ltr'>ita</span> <span class='ocrx_word' id='word_1_80' title='bbox 893 1532 953 1592; x_wconf 86' lang='lat' dir='ltr'>cito</span> <span class='ocrx_word' id='word_1_81' title='bbox 973 1527 1101 1608; x_wconf 78' lang='lat' dir='ltr'>rediret,</span> 
     </span>
     <span class='ocr_line' id='line_1_12' title="bbox 127 1627 1100 1722; baseline -0.003 -24"><span class='ocrx_word' id='word_1_82' title='bbox 127 1660 214 1722; x_wconf 85' lang='lat' dir='ltr'>posse</span> <span class='ocrx_word' id='word_1_83' title='bbox 235 1639 314 1699; x_wconf 89' lang='lat' dir='ltr'>diem</span> <span class='ocrx_word' id='word_1_84' title='bbox 341 1640 485 1698; x_wconf 80' lang='lat' dir='ltr'>auctionis</span> <span class='ocrx_word' id='word_1_85' title='bbox 509 1637 654 1720; x_wconf 74' lang='lat' dir='ltr'>proferri,</span> <span class='ocrx_word' id='word_1_86' title='bbox 681 1627 733 1718; x_wconf 70' lang='lat' dir='ltr'>qui</span> <span class='ocrx_word' id='word_1_87' title='bbox 760 1636 823 1698; x_wconf 85' lang='lat' dir='ltr'>dies</span> <span class='ocrx_word' id='word_1_88' title='bbox 849 1647 950 1698; x_wconf 88' lang='lat' dir='ltr'>tamen</span> <span class='ocrx_word' id='word_1_89' title='bbox 975 1637 1100 1720; x_wconf 89' lang='lat' dir='ltr'>propius</span> 
     </span>
     <span class='ocr_line' id='line_1_13' title="bbox 129 1746 856 1830; baseline 0.001 -21"><span class='ocrx_word' id='word_1_90' title='bbox 129 1748 238 1827; x_wconf 88' lang='lat' dir='ltr'>aberit,</span> <span class='ocrx_word' id='word_1_91' title='bbox 258 1769 354 1830; x_wconf 85' lang='lat' dir='ltr'>quum</span> <span class='ocrx_word' id='word_1_92' title='bbox 374 1751 435 1825; x_wconf 73' lang='lat' dir='ltr'>iam</span> <span class='ocrx_word' id='word_1_93' title='bbox 456 1748 568 1809; x_wconf 86' lang='lat' dir='ltr'>Caesar</span> <span class='ocrx_word' id='word_1_94' title='bbox 587 1746 690 1809; x_wconf 87' lang='lat' dir='ltr'>adesse</span> <span class='ocrx_word' id='word_1_95' title='bbox 710 1746 856 1810; x_wconf 81' lang='lat' dir='ltr'>rideatur.</span> 
     </span>
    </p>
   </div>
   <div class='ocr_carea' id='block_1_2' title="bbox 517 1984 669 2049">
    <p class='ocr_par' dir='ltr' id='par_1_3' title="bbox 517 1984 669 2049">
     <span class='ocr_line' id='line_1_14' title="bbox 517 1984 669 2049; baseline 0.007 -1"><span class='ocrx_word' id='word_1_96' title='bbox 517 1984 669 2049; x_wconf 84' lang='lat' dir='ltr'>DCXXH.</span> 
     </span>
    </p>
   </div>
   <div class='ocr_carea' id='block_1_3' title="bbox 36 2173 1227 4072">
    <p class='ocr_par' dir='ltr' id='par_1_4' title="bbox 91 2173 1100 2476">
     <span class='ocr_line' id='line_1_15' title="bbox 91 2173 1100 2260; baseline -0.003 -22"><span class='ocrx_word' id='word_1_97' title='bbox 91 2199 103 2238; x_wconf 79' lang='grc' dir='ltr'><strong>ι</strong></span> <span class='ocrx_word' id='word_1_98' title='bbox 128 2174 282 2260; x_wconf 77' lang='lat' dir='ltr'>Significat</span> <span class='ocrx_word' id='word_1_99' title='bbox 306 2175 493 2238; x_wconf 84' lang='lat' dir='ltr'>Tusculanas</span> <span class='ocrx_word' id='word_1_100' title='bbox 520 2178 728 2259; x_wconf 75' lang='lat' dir='ltr'>quaestiones,</span> <span class='ocrx_word' id='word_1_101' title='bbox 754 2180 785 2238; x_wconf 89' lang='lat' dir='ltr'>iu</span> <span class='ocrx_word' id='word_1_102' title='bbox 812 2192 946 2258; x_wconf 87' lang='lat' dir='ltr'>quarum</span> <span class='ocrx_word' id='word_1_103' title='bbox 968 2173 1100 2236; x_wconf 85' lang='lat' dir='ltr'>secunda</span> 
     </span>
     <span class='ocr_line' id='line_1_16' title="bbox 126 2280 1100 2368; baseline -0.002 -23"><span class='ocrx_word' id='word_1_104' title='bbox 126 2284 293 2368; x_wconf 86' lang='lat' dir='ltr'>Epicurum</span> <span class='ocrx_word' id='word_1_105' title='bbox 313 2304 466 2345; x_wconf 89' lang='lat' dir='ltr'>summum</span> <span class='ocrx_word' id='word_1_106' title='bbox 487 2282 600 2344; x_wconf 89' lang='lat' dir='ltr'>malum</span> <span class='ocrx_word' id='word_1_107' title='bbox 621 2294 784 2367; x_wconf 87' lang='lat' dir='ltr'>ponentem</span> <span class='ocrx_word' id='word_1_108' title='bbox 805 2286 837 2344; x_wconf 89' lang='lat' dir='ltr'>in</span> <span class='ocrx_word' id='word_1_109' title='bbox 856 2280 962 2345; x_wconf 87' lang='lat' dir='ltr'>dolore</span> <span class='ocrx_word' id='word_1_110' title='bbox 975 2280 1100 2366; x_wconf 68' lang='lat' dir='ltr'>refellit,</span> 
     </span>
     <span class='ocr_line' id='line_1_17' title="bbox 127 2389 848 2476; baseline 0 -24"><span class='ocrx_word' id='word_1_111' title='bbox 127 2403 163 2453; x_wconf 89' lang='lat' dir='ltr'>ut</span> <span class='ocrx_word' id='word_1_112' title='bbox 182 2391 260 2454; x_wconf 92' lang='lat' dir='ltr'>bene</span> <span class='ocrx_word' id='word_1_113' title='bbox 280 2391 441 2476; x_wconf 84' lang='lat' dir='ltr'>explanant</span> <span class='ocrx_word' id='word_1_114' title='bbox 462 2389 615 2452; x_wconf 86' lang='lat' dir='ltr'>Corradus</span> <span class='ocrx_word' id='word_1_115' title='bbox 635 2403 666 2452; x_wconf 90' lang='lat' dir='ltr'>et</span> <span class='ocrx_word' id='word_1_116' title='bbox 686 2391 848 2452; x_wconf 85' lang='lat' dir='ltr'>Manutius.</span> 
     </span>
    </p>

    <p class='ocr_par' dir='ltr' id='par_1_5' title="bbox 87 2480 1162 2582">
     <span class='ocr_line' id='line_1_18' title="bbox 87 2480 1162 2582; baseline -0.004 -21"><span class='ocrx_word' id='word_1_117' title='bbox 87 2521 105 2560; x_wconf 86' lang='lat'><em>2</em></span> <span class='ocrx_word' id='word_1_118' title='bbox 128 2501 232 2578; x_wconf 87' lang='lat' dir='ltr'>Quinti</span> <span class='ocrx_word' id='word_1_119' title='bbox 253 2501 404 2561; x_wconf 87' lang='lat' dir='ltr'>Ciceronis</span> <span class='ocrx_word' id='word_1_120' title='bbox 424 2510 456 2561; x_wconf 88' lang='lat' dir='ltr'>et</span> <span class='ocrx_word' id='word_1_121' title='bbox 474 2500 661 2582; x_wconf 86' lang='lat' dir='ltr'>Pomponiae</span> <span class='ocrx_word' id='word_1_122' title='bbox 681 2480 770 2559; x_wconf 70' lang='lat' dir='ltr'>filio.</span> <span class='ocrx_word' id='word_1_123' title='bbox 1160 2518 1162 2521; x_wconf 76' lang='grc'><strong>’</strong></span> 
     </span>
    </p>

    <p class='ocr_par' dir='ltr' id='par_1_6' title="bbox 87 2604 1210 2693">
     <span class='ocr_line' id='line_1_19' title="bbox 87 2604 1210 2693; baseline 0 -25"><span class='ocrx_word' id='word_1_124' title='bbox 87 2607 106 2668; x_wconf 85' lang='grc'>3</span> <span class='ocrx_word' id='word_1_125' title='bbox 128 2609 178 2670; x_wconf 90' lang='lat' dir='ltr'>Sic</span> <span class='ocrx_word' id='word_1_126' title='bbox 197 2606 267 2670; x_wconf 87' lang='lat' dir='ltr'>edd.</span> <span class='ocrx_word' id='word_1_127' title='bbox 288 2610 363 2670; x_wconf 88' lang='lat' dir='ltr'>lens.</span> <span class='ocrx_word' id='word_1_128' title='bbox 383 2620 415 2669; x_wconf 88' lang='lat' dir='ltr'>et</span> <span class='ocrx_word' id='word_1_129' title='bbox 433 2606 517 2692; x_wconf 78' lang='lat' dir='ltr'>aldi3</span> <span class='ocrx_word' id='word_1_130' title='bbox 538 2606 648 2689; x_wconf 87' lang='lat' dir='ltr'>quibus</span> <span class='ocrx_word' id='word_1_131' title='bbox 668 2609 806 2690; x_wconf 81' lang='lat' dir='ltr'>proxime</span> <span class='ocrx_word' id='word_1_132' title='bbox 826 2605 930 2668; x_wconf 75' lang='lat' dir='ltr'>Ambr.</span> <span class='ocrx_word' id='word_1_133' title='bbox 950 2604 988 2667; x_wconf 78' lang='lat'>16</span> <span class='ocrx_word' id='word_1_134' title='bbox 1001 2616 1032 2668; x_wconf 85' lang='lat' dir='ltr'>et</span> <span class='ocrx_word' id='word_1_135' title='bbox 1051 2604 1099 2668; x_wconf 85' lang='lat' dir='ltr'>ad.</span> <span class='ocrx_word' id='word_1_136' title='bbox 1207 2687 1210 2693; x_wconf 25' lang='grc' dir='ltr'><strong><em>Ι</em></strong></span> 
     </span>
    </p>

    <p class='ocr_par' dir='ltr' id='par_1_7' title="bbox 36 2713 1227 2800">
     <span class='ocr_line' id='line_1_20' title="bbox 36 2713 1227 2800; baseline -0.004 -21"><span class='ocrx_word' id='word_1_137' title='bbox 36 2755 46 2779; x_wconf 81' lang='lat'><strong>·</strong></span> <span class='ocrx_word' id='word_1_138' title='bbox 127 2717 183 2776; x_wconf 85' lang='lat' dir='ltr'>Ro.</span> <span class='ocrx_word' id='word_1_139' title='bbox 206 2729 303 2800; x_wconf 83' lang='lat' dir='ltr'>potest</span> <span class='ocrx_word' id='word_1_140' title='bbox 327 2714 488 2799; x_wconf 78' lang='lat' dir='ltr'>impurius,</span> <span class='ocrx_word' id='word_1_141' title='bbox 515 2727 546 2777; x_wconf 87' lang='lat' dir='ltr'>et</span> <span class='ocrx_word' id='word_1_142' title='bbox 571 2713 737 2776; x_wconf 86' lang='lat' dir='ltr'>Lambinus</span> <span class='ocrx_word' id='word_1_143' title='bbox 763 2727 834 2798; x_wconf 86' lang='lat' dir='ltr'>pote</span> <span class='ocrx_word' id='word_1_144' title='bbox 852 2737 917 2776; x_wconf 85' lang='lat' dir='ltr'>esse</span> <span class='ocrx_word' id='word_1_145' title='bbox 943 2715 1098 2797; x_wconf 81' lang='lat' dir='ltr'>impurius.</span> <span class='ocrx_word' id='word_1_146' title='bbox 1218 2772 1227 2789; x_wconf 77' lang='lat'>.</span> 
     </span>
    </p>

    <p class='ocr_par' dir='ltr' id='par_1_8' title="bbox 127 2821 1059 2908">
     <span class='ocr_line' id='line_1_21' title="bbox 127 2821 1059 2908; baseline 0 -24"><span class='ocrx_word' id='word_1_147' title='bbox 127 2823 229 2904; x_wconf 85' lang='lat' dir='ltr'>Vulgo</span> <span class='ocrx_word' id='word_1_148' title='bbox 246 2838 316 2908; x_wconf 77' lang='lat' dir='ltr'>pore</span> <span class='ocrx_word' id='word_1_149' title='bbox 336 2822 481 2906; x_wconf 70' lang='lat' dir='ltr'>inpunita</span> <span class='ocrx_word' id='word_1_150' title='bbox 501 2845 540 2885; x_wconf 84' lang='lat' dir='ltr'>ex</span> <span class='ocrx_word' id='word_1_151' title='bbox 559 2822 695 2886; x_wconf 87' lang='lat' dir='ltr'>Victorio</span> <span class='ocrx_word' id='word_1_152' title='bbox 715 2833 745 2884; x_wconf 87' lang='lat' dir='ltr'>et</span> <span class='ocrx_word' id='word_1_153' title='bbox 764 2822 869 2905; x_wconf 72' lang='lat' dir='ltr'>Rosia,</span> <span class='ocrx_word' id='word_1_154' title='bbox 890 2821 1059 2884; x_wconf 87' lang='lat' dir='ltr'>insolenter.</span> 
     </span>
    </p>

    <p class='ocr_par' dir='ltr' id='par_1_9' title="bbox 86 2929 1211 3878">
     <span class='ocr_line' id='line_1_22' title="bbox 86 2929 1211 3016; baseline -0.003 -23"><span class='ocrx_word' id='word_1_155' title='bbox 86 2933 322 3010; x_wconf 70' lang='lat' dir='ltr'>4Commotum</span> <span class='ocrx_word' id='word_1_156' title='bbox 343 2934 382 3011; x_wconf 88' lang='lat' dir='ltr'>Q.</span> <span class='ocrx_word' id='word_1_157' title='bbox 403 2931 578 2994; x_wconf 87' lang='lat' dir='ltr'>Ciceronem</span> <span class='ocrx_word' id='word_1_158' title='bbox 599 2930 694 2992; x_wconf 84' lang='lat' dir='ltr'>filium</span> <span class='ocrx_word' id='word_1_159' title='bbox 715 2930 837 2992; x_wconf 88' lang='lat' dir='ltr'>tandem</span> <span class='ocrx_word' id='word_1_160' title='bbox 851 2929 1011 3012; x_wconf 89' lang='lat' dir='ltr'>aliquando</span> <span class='ocrx_word' id='word_1_161' title='bbox 1025 2931 1100 2991; x_wconf 87' lang='lat' dir='ltr'>scri·</span> <span class='ocrx_word' id='word_1_162' title='bbox 1197 2995 1211 3016; x_wconf 68' lang='lat'>,</span> 
     </span>
     <span class='ocr_line' id='line_1_23' title="bbox 127 3037 1099 3125; baseline -0.003 -24"><span class='ocrx_word' id='word_1_163' title='bbox 127 3043 218 3125; x_wconf 88' lang='lat' dir='ltr'>psisse</span> <span class='ocrx_word' id='word_1_164' title='bbox 238 3039 278 3100; x_wconf 92' lang='lat' dir='ltr'>ad</span> <span class='ocrx_word' id='word_1_165' title='bbox 298 3061 362 3101; x_wconf 87' lang='lat' dir='ltr'>me:</span> <span class='ocrx_word' id='word_1_166' title='bbox 387 3038 573 3101; x_wconf 66' lang='lat' dir='ltr'>&amp;nuruum</span> <span class='ocrx_word' id='word_1_167' title='bbox 592 3047 695 3100; x_wconf 88' lang='lat' dir='ltr'>autem</span> <span class='ocrx_word' id='word_1_168' title='bbox 715 3037 872 3122; x_wconf 87' lang='lat' dir='ltr'>laudibus,</span> <span class='ocrx_word' id='word_1_169' title='bbox 892 3057 968 3120; x_wconf 85' lang='lat' dir='ltr'>quas</span> <span class='ocrx_word' id='word_1_170' title='bbox 987 3038 1099 3098; x_wconf 84' lang='lat' dir='ltr'>Brutus</span> 
     </span>
     <span class='ocr_line' id='line_1_24' title="bbox 127 3144 1101 3231; baseline -0.001 -22"><span class='ocrx_word' id='word_1_171' title='bbox 127 3150 195 3231; x_wconf 90' lang='lat' dir='ltr'>(qui</span> <span class='ocrx_word' id='word_1_172' title='bbox 216 3149 336 3209; x_wconf 89' lang='lat' dir='ltr'>Caesari</span> <span class='ocrx_word' id='word_1_173' title='bbox 352 3168 422 3209; x_wconf 88' lang='lat' dir='ltr'>cum</span> <span class='ocrx_word' id='word_1_174' title='bbox 441 3150 506 3231; x_wconf 88' lang='lat' dir='ltr'>ipso</span> <span class='ocrx_word' id='word_1_175' title='bbox 527 3149 566 3225; x_wconf 92' lang='lat' dir='ltr'>Q.</span> <span class='ocrx_word' id='word_1_176' title='bbox 580 3147 724 3208; x_wconf 87' lang='lat' dir='ltr'>Cicerone</span> <span class='ocrx_word' id='word_1_177' title='bbox 744 3144 807 3207; x_wconf 80' lang='lat' dir='ltr'>filio</span> <span class='ocrx_word' id='word_1_178' title='bbox 827 3167 866 3207; x_wconf 83' lang='lat' dir='ltr'>ex</span> <span class='ocrx_word' id='word_1_179' title='bbox 886 3145 1030 3228; x_wconf 87' lang='lat' dir='ltr'>Hispania</span> <span class='ocrx_word' id='word_1_180' title='bbox 1049 3165 1101 3208; x_wconf 85' lang='lat' dir='ltr'>no·</span> 
     </span>
     <span class='ocr_line' id='line_1_25' title="bbox 128 3252 1099 3339; baseline -0.004 -22"><span class='ocrx_word' id='word_1_181' title='bbox 128 3255 237 3318; x_wconf 83' lang='lat' dir='ltr'>deuoti</span> <span class='ocrx_word' id='word_1_182' title='bbox 252 3259 312 3317; x_wconf 91' lang='lat' dir='ltr'>iam</span> <span class='ocrx_word' id='word_1_183' title='bbox 333 3256 453 3317; x_wconf 81' lang='lat' dir='ltr'>obviam</span> <span class='ocrx_word' id='word_1_184' title='bbox 468 3257 661 3339; x_wconf 85' lang='lat' dir='ltr'>processisse,</span> <span class='ocrx_word' id='word_1_185' title='bbox 681 3275 721 3315; x_wconf 82' lang='lat' dir='ltr'>ex</span> <span class='ocrx_word' id='word_1_186' title='bbox 740 3253 1046 3337; x_wconf 78' lang='lat' dir='ltr'>ep.ucxv111‚nos</span> <span class='ocrx_word' id='word_1_187' title='bbox 1061 3252 1099 3332; x_wconf 73' lang='grc'>4,</span> 
     </span>
     <span class='ocr_line' id='line_1_26' title="bbox 128 3359 1100 3443; baseline -0.005 -19"><span class='ocrx_word' id='word_1_188' title='bbox 128 3363 273 3425; x_wconf 88' lang='lat' dir='ltr'>dicendus</span> <span class='ocrx_word' id='word_1_189' title='bbox 286 3366 346 3443; x_wconf 88' lang='lat' dir='ltr'>est)</span> <span class='ocrx_word' id='word_1_190' title='bbox 368 3365 398 3424; x_wconf 91' lang='lat' dir='ltr'>in</span> <span class='ocrx_word' id='word_1_191' title='bbox 418 3384 467 3425; x_wconf 92' lang='lat' dir='ltr'>me</span> <span class='ocrx_word' id='word_1_192' title='bbox 482 3361 663 3424; x_wconf 79' lang='lat' dir='ltr'>conferebat.</span> <span class='ocrx_word' id='word_1_193' title='bbox 682 3361 846 3443; x_wconf 80' lang='lat' dir='ltr'>Scripsisse</span> <span class='ocrx_word' id='word_1_194' title='bbox 859 3372 904 3424; x_wconf 85' lang='lat' dir='ltr'>est</span> <span class='ocrx_word' id='word_1_195' title='bbox 917 3382 956 3422; x_wconf 80' lang='lat' dir='ltr'>ex</span> <span class='ocrx_word' id='word_1_196' title='bbox 970 3359 1100 3421; x_wconf 89' lang='lat' dir='ltr'>editione</span> 
     </span>
     <span class='ocr_line' id='line_1_27' title="bbox 126 3467 1102 3555; baseline -0.005 -23"><span class='ocrx_word' id='word_1_197' title='bbox 126 3470 270 3552; x_wconf 88' lang='lat' dir='ltr'>Emestii,</span> <span class='ocrx_word' id='word_1_198' title='bbox 290 3471 488 3555; x_wconf 86' lang='lat' dir='ltr'>probantibus</span> <span class='ocrx_word' id='word_1_199' title='bbox 501 3471 564 3532; x_wconf 81' lang='lat' dir='ltr'>fere</span> <span class='ocrx_word' id='word_1_200' title='bbox 578 3469 725 3532; x_wconf 83' lang='lat' dir='ltr'>omnibus.</span> <span class='ocrx_word' id='word_1_201' title='bbox 746 3469 831 3530; x_wconf 91' lang='lat' dir='ltr'>Libri</span> <span class='ocrx_word' id='word_1_202' title='bbox 846 3479 914 3529; x_wconf 91' lang='lat' dir='ltr'>ante</span> <span class='ocrx_word' id='word_1_203' title='bbox 928 3467 1102 3528; x_wconf 86' lang='lat' dir='ltr'>Ernestium</span> 
     </span>
     <span class='ocr_line' id='line_1_28' title="bbox 126 3574 1101 3662; baseline -0.003 -25"><span class='ocrx_word' id='word_1_204' title='bbox 126 3580 279 3661; x_wconf 68' lang='lat' dir='ltr'>scripsisti.</span> <span class='ocrx_word' id='word_1_205' title='bbox 301 3581 383 3640; x_wconf 86' lang='lat' dir='ltr'>Tum</span> <span class='ocrx_word' id='word_1_206' title='bbox 397 3578 488 3662; x_wconf 76' lang='lat' dir='ltr'>vulgo</span> <span class='ocrx_word' id='word_1_207' title='bbox 502 3576 771 3661; x_wconf 79' lang='lat' dir='ltr'>interpungebatur</span> <span class='ocrx_word' id='word_1_208' title='bbox 788 3574 1002 3655; x_wconf 66' lang='lat' dir='ltr'>iudicialesque.</span> <span class='ocrx_word' id='word_1_209' title='bbox 1023 3575 1101 3634; x_wconf 83' lang='lat' dir='ltr'>Bru·</span> 
     </span>
     <span class='ocr_line' id='line_1_29' title="bbox 127 3681 1101 3768; baseline -0.005 -23"><span class='ocrx_word' id='word_1_210' title='bbox 127 3686 151 3745; x_wconf 84' lang='lat' dir='ltr'>ti</span> <span class='ocrx_word' id='word_1_211' title='bbox 164 3697 235 3768; x_wconf 81' lang='lat' dir='ltr'>etc,</span> <span class='ocrx_word' id='word_1_212' title='bbox 254 3686 307 3746; x_wconf 92' lang='lat' dir='ltr'>ubi</span> <span class='ocrx_word' id='word_1_213' title='bbox 322 3684 481 3748; x_wconf 80' lang='lat' dir='ltr'>infinitivus</span> <span class='ocrx_word' id='word_1_214' title='bbox 493 3699 672 3764; x_wconf 73' lang='lat' dir='ltr'>commotum</span> <span class='ocrx_word' id='word_1_215' title='bbox 686 3705 778 3767; x_wconf 88' lang='lat' dir='ltr'>aquo</span> <span class='ocrx_word' id='word_1_216' title='bbox 797 3683 943 3767; x_wconf 87' lang='lat' dir='ltr'>penderat</span> <span class='ocrx_word' id='word_1_217' title='bbox 963 3701 1024 3741; x_wconf 92' lang='lat' dir='ltr'>non</span> <span class='ocrx_word' id='word_1_218' title='bbox 1043 3681 1101 3741; x_wconf 62' lang='lat' dir='ltr'>ba*-</span> 
     </span>
     <span class='ocr_line' id='line_1_30' title="bbox 128 3790 899 3878; baseline -0.003 -26"><span class='ocrx_word' id='word_1_219' title='bbox 128 3790 230 3853; x_wconf 83' lang='lat' dir='ltr'>bebat.</span> <span class='ocrx_word' id='word_1_220' title='bbox 253 3793 380 3854; x_wconf 88' lang='lat' dir='ltr'>Secutus</span> <span class='ocrx_word' id='word_1_221' title='bbox 400 3814 468 3855; x_wconf 87' lang='lat' dir='ltr'>sum</span> <span class='ocrx_word' id='word_1_222' title='bbox 489 3796 659 3878; x_wconf 90' lang='lat' dir='ltr'>opinionem</span> <span class='ocrx_word' id='word_1_223' title='bbox 680 3795 703 3856; x_wconf 87' lang='lat'>1.</span> <span class='ocrx_word' id='word_1_224' title='bbox 723 3792 761 3856; x_wconf 90' lang='lat' dir='ltr'>V.</span> <span class='ocrx_word' id='word_1_225' title='bbox 782 3791 899 3852; x_wconf 89' lang='lat' dir='ltr'>Clerici.</span> 
     </span>
    </p>

    <p class='ocr_par' dir='ltr' id='par_1_10' title="bbox 86 3888 1100 4072">
     <span class='ocr_line' id='line_1_31' title="bbox 86 3888 1100 3988; baseline -0.006 -27"><span class='ocrx_word' id='word_1_226' title='bbox 86 3897 163 3961; x_wconf 80' lang='lat'>5111</span> <span class='ocrx_word' id='word_1_227' title='bbox 182 3921 245 3982; x_wconf 85' lang='lat' dir='ltr'>qua</span> <span class='ocrx_word' id='word_1_228' title='bbox 263 3900 380 3964; x_wconf 86' lang='lat' dir='ltr'>habitat</span> <span class='ocrx_word' id='word_1_229' title='bbox 398 3903 568 3988; x_wconf 81' lang='lat' dir='ltr'>Pomponia</span> <span class='ocrx_word' id='word_1_230' title='bbox 598 3912 703 3964; x_wconf 80' lang='lat' dir='ltr'>mater.</span> <span class='ocrx_word' id='word_1_231' title='bbox 732 3896 857 3963; x_wconf 77' lang='lat' dir='ltr'>Corrud.</span> <span class='ocrx_word' id='word_1_232' title='bbox 884 3895 929 3958; x_wconf 87' lang='lat' dir='ltr'>Cf.</span> <span class='ocrx_word' id='word_1_233' title='bbox 955 3916 1027 3957; x_wconf 85' lang='lat' dir='ltr'>cum</span> <span class='ocrx_word' id='word_1_234' title='bbox 1040 3888 1100 3980; x_wconf 72' lang='lat' dir='ltr'>ep.</span> 
     </span>
     <span class='ocr_line' id='line_1_32' title="bbox 127 4008 881 4072; baseline 0.003 -4"><span class='ocrx_word' id='word_1_235' title='bbox 127 4008 280 4072; x_wconf 79' lang='lat' dir='ltr'>Dcxxv.</span> <span class='ocrx_word' id='word_1_236' title='bbox 834 4039 837 4047; x_wconf 60' lang='lat'><strong><em>¹</em></strong></span> <span class='ocrx_word' id='word_1_237' title='bbox 866 4036 881 4055; x_wconf 90' lang='lat'>·-</span> 
     </span>
    </p>
   </div>
   <div class='ocr_carea' id='block_1_4' title="bbox 0 0 1328 4822">
    <p class='ocr_par' dir='ltr' id='par_1_11' title="bbox 0 0 1328 4822">
     <span class='ocr_line' id='line_1_33' title="bbox 0 0 1328 4822; baseline 0 0"><span class='ocrx_word' id='word_1_238' title='bbox 0 0 1328 4822; x_wconf 95' lang='lat' dir='ltr'> </span> 
     </span>
    </p>
   </div>
  </div>
 </body>
</html>
