2648 4822
165 416 239 529 476
475 521 480 533 Ι
528 438 801 520 annornrronrs

196 552 320 616 infecti
324 573 392 612 cnm
412 553 540 634 pecunia
560 554 766 633 commutarqe
797 560 833 610 ut
862 548 1034 632 intelligitur
1061 568 1102 610 ex
1124 573 1171 635 ep

194 650 329 722 mxv]
336 677 390 741 ,ας
403 656 486 740 quod
498 668 601 740 postea
617 657 693 717 fecit
714 660 789 716 Nam
811 658 923 738 argenti
944 659 1064 738 aurive,
1087 657 1173 740 quod

203 778 268 830 erat
286 770 317 828 in
337 764 536 848 supellectile,
560 784 700 846 magnam
725 775 840 845 partem
865 784 934 823 cum
956 746 1058 824 Caelio
1080 786 1172 826 num-

200 875 330 936 m'u'l'nrio
350 875 448 934 numis
468 873 568 932 aureis
582 868 774 952 permutavit
804 870 919 931 ldcirco
943 871 1072 952 rogabat
1094 875 1172 934 nta-

202 1004 273 1044 cum
287 1003 333 1064 ep.
350 981 491 1061 CDLlll‚
506 1000 532 1058 ι,
545 989 581 1040 ut
593 978 708 1038 videret
728 978 767 1038 de
788 976 903 1060 Caelio,
922 999 961 1038 ne
981 1000 1042 1060 qna
1063 975 1172 1041 lacuna

129 1089 133 1099 ’
202 1101 278 1151 esset
298 1092 329 1149 in
350 1109 435 1149 curo.
457 1087 542 1174 Quin
557 1076 631 1146 vero
630 1085 737 1146 valde
758 1084 867 1167 egebat
888 1089 1015 1168 pecunia
1035 1086 1075 1146 ad
1095 1086 1169 1147 bor·
1208 1071 1213 1080 ¹

202 1208 249 1258 tos
270 1194 433 1271 emendos,
452 1197 607 1276 negotium
628 1193 753 1254 dederat
773 1194 889 1275 Attico,
916 1204 950 1255 ut
974 1197 996 1253 si
1017 1202 1171 1276 non'pos-

202 1315 247 1366 set
267 1324 303 1364 ea
323 1302 467 1380 vendere,
485 1323 563 1383 qnae
588 1299 733 1383 proscribi
753 1303 893 1383 iusserat,
913 1302 996 1383 quod
1017 1301 1099 1361 domi
1119 1323 1169 1362 su-

201 1423 333 1494 peresset
352 1413 418 1470 auri
439 1412 605 1491 argentive,
618 1430 688 1468 oum
706 1408 807 1469 Caelio
829 1410 954 1491 pecunia
973 1421 1166 1491 permutaret.

201 1519 258 1588 Cui
278 1516 420 1578 mandato
450 1520 491 1577 ita
519 1517 711 1597 rescripserat
730 1516 865 1595 Atticus,
895 1535 927 1576 se
955 1536 1015 1575 non
1036 1516 1167 1597 probare

200 1624 285 1707 quod
304 1623 353 1685 ille
373 1625 530 1707 scripserat
543 1622 581 1683 de
594 1643 670 1683 auro
682 1634 844 1704 argentove
862 1623 1075 1683 commutando
1096 1644 1166 1684 cum

199 1730 315 1813 Caelio,
336 1734 421 1791 cuius
441 1728 562 1790 fraudes
582 1741 669 1790 antea
690 1730 832 1812 expertu's
846 1730 961 1807 fuerat,
971 1730 1166 1814 suadereque,

197 1859 237 1899 ne
256 1837 345 1920 plura
365 1858 399 1897 ex
419 1835 601 1919 supellectile
622 1837 806 1898 distraheret
838 1835 878 1897 ld
893 1857 966 1919 ergo
987 1839 1073 1897 Attici
1094 1858 1167 1898 con-

200 1945 296 2006 silium
319 1943 420 2005 scribit
440 1964 471 2006 se
490 1943 620 2028 probare
641 1946 671 2004 in
692 1953 820 2027 utraque
840 1966 889 2024 re,
909 1965 948 2004 ne
968 1944 1077 2005 scilicet
1097 1967 1166 2006 cum

200 2051 302 2114 Caelio
321 2053 376 2114 sibi
385 2044 508 2135 'negotii
526 2053 687 2133 quicquam
700 2055 750 2130 sit,
764 2073 820 2119 nec
833 2051 871 2113 de
885 2051 1066 2135 supellectile
1080 2052 1166 2134 plum

116 2218 119 2222 ,
200 2171 378 2244 commutet,
405 2159 457 2220 sed
485 2156 540 2221 illis
564 2159 736 2221 nominibus
757 2171 860 2220 utatur
880 2159 920 2218 ad
940 2159 1042 2220 hortos
1063 2181 1166 2220 emen-

93 2300 95 2303 ·
201 2267 264 2329 dos.
285 2268 403 2329 Bosius.

159 2374 180 2436 5
200 2375 356 2435 Scbiitzins
374 2387 427 2434 aut
443 2394 534 2455 praes
554 2393 584 2434 α.
596 2372 627 2455 f
647 2397 694 2455 a,
714 2375 859 2434 sententia
881 2373 1026 2456 planiori:
1049 2386 1101 2435 aut
1121 2372 1165 2435 his

199 2480 369 2542 nominibus
389 2480 629 2542 mihiutendum
651 2492 707 2563 est,
723 2493 775 2541 aut
794 2484 824 2541 in
846 2480 903 2541 hac
920 2483 1061 2563 pecunia,
1075 2503 1163 2562 quam

144 2638 146 2643 ,
180 2590 313 2649 ,solvere
334 2587 431 2649 debeo
444 2600 508 2671 'pro
529 2593 659 2649 emtione
680 2592 781 2671 pretii,
812 2611 898 2670 praes
925 2610 981 2670 pro
1001 2610 1050 2649 me
1071 2590 1166 2649 factus

200 2716 296 2777 esses,
317 2694 455 2777 quodetu
476 2696 640 2775 numquam
662 2708 729 2756 ante
757 2696 857 2756 fecisti.
884 2697 1023 2770 Tabulis,
1050 2699 1165 2757 auctio-

198 2804 297 2861 nariis.

158 2907 179 2969 6
199 2910 294 2967 Fient.

158 3015 353 3096 7Qnantum
375 3015 465 3075 adid
487 3019 610 3092 attinet,
641 3015 723 3095 quod
754 3015 817 3074 dies
848 3036 984 3074 meorum
1009 3018 1163 3075 nominum

196 3121 313 3202 longior
333 3132 397 3201 est,
429 3144 521 3206 quam
542 3135 576 3184 ut
595 3126 753 3206 pecuniam
785 3135 1007 3206 repraesentare
1034 3127 1164 3205 possim,

197 3251 284 3312 sporo
304 3251 483 3312 praeconem
503 3235 534 3291 in
554 3243 616 3291 tam
638 3231 759 3312 longam
781 3232 880 3310 diem,
911 3252 1002 3311 quam
1033 3231 1083 3290 illa
1109 3252 1164 3290 no-

196 3350 325 3399 strorum
345 3344 501 3400 nominum
521 3343 577 3421 sit,
600 3339 779 3401 solutionem
801 3340 1032 3399 destinaturum:
1055 3350 1120 3416 aut,
1141 3342 1163 3398 si

197 3448 226 3507 id
247 3469 264 3506 a
285 3469 431 3529 praecone
452 3452 613 3530 impetrare
635 3469 695 3508 non
715 3469 858 3529 possum,
882 3458 962 3506 certe
985 3447 1023 3505 ab
1044 3446 1164 3506 beredi-

195 3553 252 3614 bus
273 3555 446 3638 Scapulanis
478 3577 626 3637 assequar.
653 3557 823 3615 Teneamus
844 3554 952 3632 modo,
974 3553 1057 3633 quod
1077 3553 1165 3613 volu·

196 3681 283 3739 mus,
305 3674 335 3722 et
355 3662 458 3722 hortos
478 3662 542 3722 illos
563 3663 648 3722 nobis
670 3663 747 3722 elabi
769 3683 805 3722 ne
827 3665 964 3720 sinamus.
980 3660 1062 3719 Haec
1083 3663 1162 3719 enim

197 3768 307 3850 verba,
339 3784 486 3831 tenemnus
517 3768 606 3829 inodo
639 3769 723 3851 quod
746 3770 879 3829 volumus
901 3777 976 3852 cap&
994 3777 1161 3849 ααρένθεσιν

196 3887 264 3934 sunt
284 3875 420 3955 legenda.
441 3877 559 3937 Bosius.
649 3884 656 3893 “

40 4064 42 4068 Ι
151 3979 232 4040 8Vt
252 3985 282 4042 in
303 3987 443 4046 auctione
458 3984 705 4067 ‘Scapulanorum
736 3983 911 4063 hortorum,
936 3993 1081 4061 quantum
1108 4000 1163 4060 po·
