2648 4822
217 396 288 470 352
529 416 707 467 urrerem
733 402 909 466 ucxxxvr‘r.
1000 416 1031 466 a.
1048 420 1083 468 v.
1101 419 1129 467 c.
1149 414 1197 481 ⁷0⁸

217 522 375 622 Oppium
401 519 578 618 scripsisse
605 519 652 592 ad
675 521 877 618 Caesarem,
893 545 950 590 me
970 516 1093 616 legisse
1111 519 1221 593 libros

217 659 341 720 contra
368 646 540 719 Catonem
558 661 583 744 ²,
609 657 644 719 et
670 644 895 717 vehementer
923 643 1109 743 probasse,
1135 670 1221 717 con·

217 771 340 870 scripsi
367 772 411 843 de
435 770 490 842 his
516 771 600 870 ipsis
625 769 723 842 libris
748 768 933 868 epistolam
955 770 1113 867 Caesari,
1130 796 1221 870 quae

217 896 409 971 deferretur
425 895 472 968 ad
488 895 727 995 Dolabellam3
748 895 812 967 sed
828 896 902 967 eius
924 894 1123 995 exemplum
1140 897 1221 968 misi

216 1022 263 1097 ad
288 1024 445 1123 Oppium
472 1036 508 1094 et
531 1021 697 1118 Balbum,
721 1022 913 1120 scripsique
932 1021 979 1092 ad
995 1045 1070 1116 eos,
1086 1035 1128 1092 ut
1145 1035 1220 1092 tum

215 1147 340 1222 deferri
377 1149 423 1221 ad
455 1146 674 1220 Dolabellam
706 1146 867 1218 iuberent
899 1172 995 1218 meas
1024 1145 1166 1245 literas,
1191 1146 1219 1218 si

213 1274 281 1373 ipsi
308 1273 505 1373 exemplum
532 1263 750 1372 probassent„
775 1274 829 1343 Ita
847 1271 935 1343 milri
952 1274 1220 1371 rescripserunt,

212 1398 301 1472 nihil
338 1425 506 1499 umquam
544 1425 581 1471 se
618 1397 742 1495 legisse
780 1396 926 1495 melius,
963 1396 1219 1504 epistolamque

212 1547 329 1620 meam
355 1526 529 1597 iusserunt
556 1523 630 1596 dari
657 1521 867 1594 Dolabellae.

264 1618 495 1723 2Vestoiius
521 1647 568 1721 ad
593 1674 649 1721 me
674 1648 837 1747 scripsit,
869 1663 909 1720 ut:
935 1646 1092 1721 iuberem
1118 1673 1219 1721 man-

199 1774 306 1873 ‚cipio
333 1773 408 1846 dari
434 1799 536 1847 servo
561 1799 625 1846 suo
640 1775 665 1872 ³,
690 1799 756 1876 pro
781 1800 859 1846 mea
886 1789 985 1874 parte
999 1774 1025 1873 l,
1050 1774 1218 1847 Hetereio

213 1898 370 1998 cuidam,
395 1898 541 1971 fundum
566 1899 812 1997 Brinnianum,
837 1913 877 1970 ut
900 1901 977 1999 ipse
1003 1901 1035 1971 ei
1060 1899 1219 1972 Puteolis

211 2038 306 2098 recte
332 2027 509 2124 mancipio
535 2024 618 2096 dare
644 2041 774 2124 posset.
799 2028 893 2097 Eum
919 2052 1075 2123 servum,
1098 2028 1127 2097 si
1153 2026 1217 2098 tibi

211 2148 404 2248 videbitur,
429 2151 547 2222 adme
564 2152 691 2224 mittes.
712 2153 851 2251 Opiuor
868 2154 975 2249 enim,
993 2151 1039 2223 ad
1057 2165 1092 2223 te
1110 2153 1215 2223 etiam

211 2277 389 2375 scripsisse
415 2277 629 2350 Vestorium.

261 2403 283 2475 3
309 2404 363 2474 De
388 2403 542 2475 adventu
569 2406 726 2476 Caesaris
753 2403 861 2500 idem,
891 2403 1032 2502 quoda
1060 2417 1113 2500 te,
1129 2401 1215 2475 milri

211 2528 379 2625 scriptum
407 2542 461 2600 est
489 2528 531 2599 ab
560 2530 680 2627 Oppio
708 2544 742 2600 et
768 2528 888 2601 Balbo.

260 2655 284 2745 4
311 2655 436 2748 Miror,
462 2666 496 2724 te
522 2653 694 2724 nihildum
721 2681 800 2725 curn
826 2653 973 2750 Tigellio
989 2658 1014 2751 ⁵3
1034 2653 1129 2726 velut
1146 2653 1214 2726 hoc

210 2776 344 2876 ipsum,
371 2792 542 2877 quantum
568 2781 743 2877 acceperit
760 2783 793 2879 ⁶,
825 2806 968 2879 prorsus
995 2807 1082 2853 aveo
1109 2781 1215 2876 scire,

209 2926 276 2973 nec
302 2914 420 2972 tamen
445 2900 547 2972 ssocci
574 2903 671 2975 sacio.

204 3052 212 3067 ·
262 3026 282 3098 5
310 3027 475 3123 Quaeris,
512 3028 598 3127 quid
631 3030 781 3125 cogitem
816 3029 859 3101 de
886 3029 1026 3103 obviam
1053 3031 1213 3102 itioner:

210 3150 294 3252 quid
321 3177 459 3248 censes,
485 3155 550 3224 uisi
577 3154 732 3227 Alsiuml
750 3168 787 3226 ct
807 3154 949 3254 quidem
967 3155 1012 3226 ad
1030 3156 1211 3226 Murenam

209 3276 253 3348 de
279 3276 462 3376 hospitio8
489 3281 712 3378 scripseram,
739 3279 802 3351 sctl
827 3281 972 3378 opinor,
999 3307 1078 3351 curn
1100 3281 1211 3351 Matio

207 3404 412 3500 profectum.
440 3405 622 3477 Sallustius
650 3407 753 3502 igitur
777 3406 964 3503 urgebitur.
982 3406 1122 3504 Scripto
1139 3407 1211 3477 iam

207 3530 385 3626 superiore
412 3530 606 3625 versiculo,
631 3532 721 3601 Eros
749 3531 834 3600 milri
860 3531 968 3627 dixit,
1002 3530 1068 3600 sibi
1093 3531 1211 3602 Mure·

207 3677 289 3724 uam
314 3653 551 3748 liberalissime
578 3655 808 3752 respondisse.
845 3657 899 3727 Eo
932 3657 1036 3751 igitur
1062 3669 1212 3726 utamur.

206 3775 296 3849 Nam
324 3778 460 3851 Siliuse
491 3777 636 3851 culcitas
674 3806 747 3853 uon
784 3780 913 3875 hahet,
946 3780 1037 3850 Dida
1071 3795 1210 3878 autem,

208 3903 358 4001 opinor,
383 3889 580 4005 hospitibus
606 3917 718 3977 totam
747 3904 865 3977 villam
891 3906 1070 3977 concessit.
