2648 4822
290 391 361 467 232
626 402 819 458 'srrsronr
847 410 921 456 nxc.
1073 411 1101 458 i.
1120 413 1153 459 v.
1172 415 1199 461 e.
1222 407 1269 474 με

286 519 360 619 gali
379 532 406 565 ¹⁰
433 511 605 587 Mummio
638 510 773 584 fuerint.
807 510 977 608 Polybius
1011 535 1083 583 non
1121 515 1294 588 nominat.

285 642 365 742 Ego
391 638 534 713 memini
558 635 727 712 Albinum
760 634 999 734 consularem,
1032 650 1068 710 et
1093 637 1152 738 Sp.
1180 639 1298 713 Mum-

286 766 405 841 mium.
422 763 558 840 Videor
584 762 723 837 audisse
740 789 785 835 ex
799 763 1002 860 Hortensi0,
1018 761 1238 838 Tuditanum
1255 779 1296 836 ¹¹.

285 891 358 966 Sed
381 892 419 964 in
443 888 591 962 Libonis
626 886 742 962 annali
774 889 884 962 XIIII
917 890 1018 961 annis
1044 902 1128 988 post
1152 905 1299 989 praetor

287 1028 343 1091 est
367 1017 479 1090 lactus
496 1013 714 1113 Tuditanus,
732 1040 837 1115 quam
858 1012 982 1088 consul
998 1014 1202 1087 Mummius:
1221 1041 1297 1089 non

286 1168 371 1219 sane
396 1143 547 1244 quadrat
560 1158 599 1212 ¹².
618 1140 712 1215 Volo
739 1139 889 1240 aliquem
915 1139 1119 1239 Olympiae,
1145 1154 1208 1214 aut
1235 1142 1298 1214 ubi

286 1271 421 1369 Vinum,
445 1273 594 1340 πολιτικὸν
618 1271 761 1362 σύλλογον
781 1267 821 1365 ¹³,
857 1291 955 1340 more
987 1266 1212 1363 Dicaearchl,
1247 1266 1298 1338 sa-

286 1393 429 1469 miliaria
454 1395 538 1468 tui..

733 1643 861 1716 DXCl·
999 1685 1055 1738 (aa
1072 1683 1122 1728 an.
1139 1681 1208 1740 nu,
1226 1683 1271 1738 ει)

287 1799 508 1876 Argumentum.
535 1812 544 1852 r
571 1795 617 1853 De
646 1795 734 1852 Attici
765 1791 896 1851 adventu
924 1804 1110 1873 exspuerat03
1142 1813 1158 1851 a
1181 1793 1217 1852 de
1239 1795 1296 1852 Di-

327 1898 463 1960 caearchi
486 1897 570 1959 libris
591 1897 763 1972 mittendis,
795 1899 813 1956 3
839 1898 876 1957 de
908 1899 1035 1979 epistola
1068 1898 1104 1957 ad
1134 1900 1296 1960 Caesarem

327 2004 514 2078 omittenda3
534 2005 554 2081 4
575 2004 613 2064 de
640 2003 736 2064 hortis
766 2003 943 2086 Scapulanis
970 2004 1122 2077 emendis,
1155 2004 1175 2062 .5
1198 2004 1235 2065 do
1257 2007 1296 2082 Q.

328 2112 383 2175 lilii
406 2113 533 2174 luxuria.

336 2336 392 2392 scr.
409 2338 437 2390 n
454 2336 602 2390 rumino
621 2339 652 2388 s.
670 2335 703 2388 v.
718 2303 750 2388 'n
770 2333 922 2399 norun,
941 2351 964 2386 a„
983 2334 1008 2386 a.
1027 2333 1051 2385 v
1071 2333 1130 2386 nu.
1149 2333 1244 2402 Quin.

601 2551 746 2615 CICERO
772 2549 922 2612 ATTICO
949 2550 979 2611 S.

342 2791 355 2838 r
386 2767 522 2857 Quinto
557 2763 634 2836 Kal.
668 2787 772 2833 mane
809 2764 931 2860 accepi
961 2789 980 2833 a
1014 2762 1144 2834 Demea
1175 2762 1295 2834 literas

285 2887 400 2990 pridie
427 2888 547 2987 datas,
586 2913 628 2958 ex
663 2887 788 2988 quibus
823 2901 883 2959 aut
915 2886 1039 2984 hodie,
1070 2900 1131 2960 aut
1156 2913 1233 2977 oras
1260 2901 1297 2960 ta

287 3027 489 3115 exspectare
517 3012 690 3086 deberem.
721 3011 807 3112 Sed,
841 3027 880 3085 ut
913 3015 1057 3113 opinor,
1088 3012 1183 3085 idem
1209 3039 1298 3112 ego,

287 3140 349 3240 qui
374 3154 541 3239 exspecto
570 3155 670 3212 tuum
697 3138 906 3238 adventum,
931 3137 1098 3212 morabor
1123 3153 1157 3211 te
1174 3156 1196 3210 ¹.
1213 3139 1298 3212 Non

284 3265 380 3339 enim
404 3280 492 3366 puto
519 3280 591 3338 tam
617 3265 821 3365 expeditum
847 3265 1082 3338 Faberianum
1112 3267 1297 3364 negotium

283 3388 461 3490 lirtumm,
494 3393 598 3465 etiam
632 3393 661 3463 si
694 3406 747 3464 est
780 3392 958 3490 futurum,
991 3406 1030 3464 ut
1065 3417 1139 3464 non
1164 3390 1308 3508 habear

284 3514 418 3616 aliquid
455 3542 584 3589 morae.
624 3518 744 3609 Quum
783 3519 916 3617 poteris
956 3519 1088 3616 igitur,
1126 3519 1296 3617 quoniam

285 3640 479 3716 etiamdum
504 3641 588 3715 abes
606 3659 630 3713 ².

335 3794 358 3842 2
384 3768 606 3868 Dicaearchi,
640 3794 728 3869 quos
760 3767 901 3867 scribis,
929 3767 1039 3843 libros
1074 3795 1158 3844 sane
1188 3770 1297 3844 velim

283 3891 371 3968 mihi
396 3895 532 3972 mittas:
558 3893 669 3969 addas
695 3896 800 3969 etiam
825 3899 1031 3984 καταβάσεως.
1088 3873 1092 3881 ’
