2648 4822
248 421 320 499 tle
618 437 887 489 aurorartonas

285 544 343 606 bus
362 539 471 602 Ambb.
491 540 681 602 Praeeonum
701 550 761 620 est,
780 541 876 621 inquit
896 537 918 599 l.
932 536 968 598 F.
982 539 1186 622 Gronovius,
1199 563 1265 626 pro-

285 652 414 713 clamare
434 648 567 731 venales,
587 669 753 732 sonnoque
771 645 947 730 praedicare
960 648 1094 710 virtutes
1118 661 1152 711 et
1172 662 1266 730 artes,

285 771 320 822 nt
340 762 425 820 citius
445 768 591 819 emtorem
614 758 777 817 inveniant:
806 754 896 815 iidem
922 753 1115 819 addicebant
1136 766 1265 839 emtori,

284 889 338 928 seu
363 864 507 927 iubebant
536 875 681 926 amtorem
708 862 819 925 ducere
846 873 983 941 emtum,
1007 863 1065 927 ubi
1096 865 1140 929 de
1166 872 1265 952 pretio

274 983 470 1039 convenerat.
497 973 541 1034 lta
567 973 738 1056 proscripsit
759 969 1017 1054 proclamaritque
1046 971 1264 1061 Hipponacteo

244 1138 247 1143 ,
283 1084 413 1144 carmine
426 1079 604 1163 Tigellium,
624 1090 656 1141 et
674 1077 856 1163 praedicavit
875 1076 1105 1163 publicavitque
1120 1085 1188 1145 eius
1201 1105 1264 1146 sce·

282 1189 345 1250 lera
363 1200 393 1250 et
406 1191 490 1266 vitia,
504 1199 534 1248 et
548 1187 700 1247 hominem
714 1186 876 1247 duraturae
889 1189 921 1247 in
934 1197 1096 1249 aeternum
1118 1191 1262 1253 infamiae

249 1336 252 1341 Α
266 1299 366 1380 -quasi
379 1295 493 1359 addixit
513 1296 623 1357 Calvus
632 1298 731 1378 poem
744 1293 841 1355 Porro
854 1293 1105 1376 Hipponacteum
1120 1320 1259 1369 cumea.

257 1442 260 1447 -
280 1404 366 1488 quod
385 1414 417 1466 et
435 1404 554 1467 Scosou
571 1401 694 1486 dicitur,
713 1422 823 1463 nomeu
834 1403 973 1463 sumsisse
986 1401 1113 1465 ridetur
1126 1406 1169 1468 ab
1183 1409 1259 1493 liip-

280 1522 407 1596 poname
427 1515 531 1593 potita,
552 1521 675 1592 eratque
695 1507 830 1570 eiusdem
847 1511 964 1590 generis
984 1529 1022 1568 ae
1042 1511 1190 1577 lumbum
1204 1518 1260 1578 ar-

281 1617 417 1680 chilochi.
455 1669 458 1677 .
569 1686 574 1694 ,
609 1690 612 1696 ,
849 1680 852 1687 ,

242 1747 282 1789 ro
302 1727 396 1808 ipsius
415 1709 598 1807 Phameae,
612 1727 697 1807 quasi
718 1723 788 1801 velit
813 1722 939 1805 addereg
964 1745 1028 1807 nou
1056 1727 1184 1810 Tigellii
1207 1753 1258 1792 ne·

280 1834 359 1916 potis
378 1834 433 1895 sui.
453 1831 532 1895 Vide
552 1850 599 1914 ep.
620 1852 685 1914 sup.

245 1960 278 2003 ιι
301 1940 351 2002 Sic
369 1950 430 2003 tres
448 1943 541 2001 uestri
562 1960 631 2001 cum
652 1949 722 2001 vett.
744 1938 814 2001 edd.
834 1951 865 2002 et
884 1961 931 2024 ep.
952 1961 1034 2024 ηιμ,
1061 1963 1157 2007 sensu
1183 1967 1256 2008 002.

280 2050 418 2128 nuniori,
436 2059 473 2111 ut
490 2048 577 2109 nobis
596 2046 734 2131 videtin,
760 2050 802 2108 sic
827 2058 859 2109 et
883 2047 1048 2111 Scbiitaius.
1070 2049 1180 2135 Vulgo
1206 2076 1254 2116 me

268 2155 376 2239 focem
392 2176 499 2240 posse,
518 2176 611 2238 qmtm
631 2157 748 2217 vellem.-
762 2155 866 2217 *alium
885 2166 940 2217 etc.

244 2282 278 2324 ra
299 2264 394 2342 Quasi
414 2262 454 2325 ob
474 2263 534 2325 hoc
554 2265 655 2325 cristas
674 2265 804 2343 erigeret
815 2261 964 2342 Phameu,
985 2262 1071 2346 quod
1084 2265 1253 2349 Tigellium

276 2384 419 2455 nepotem
437 2384 469 2434 et
490 2371 605 2434 bellum
627 2370 779 2433 tibicinem
804 2369 938 2433 haberet.
959 2371 1043 2435 Vidit
1064 2374 1087 2434 l.
1108 2375 1147 2437 F.
1170 2379 1253 2440 Gro-

276 2483 391 2541 novius.

243 2587 277 2648 ¹3
302 2586 457 2647 &ntorum
476 2586 629 2649 Manutius
655 2586 839 2669 corrigebat3
866 2607 945 2670 quae
965 2591 1112 2650 correctio
1134 2597 1252 2677 magis,

277 2716 369 2777 quam
394 2694 515 2773 vulgata
542 2693 629 2754 lectio
655 2709 819 2769 auctorem,
845 2705 877 2755 et
901 2716 968 2754 mss
997 2695 1085 2757 codd.
1114 2697 1251 2783 legentes

275 2815 442 2874 auctorem,
463 2801 511 2862 vel
531 2805 681 2880 victorem,
703 2802 830 2884 Tigellio
850 2805 964 2863 musico
984 2808 1177 2870 conveniunt.
1199 2811 1250 2871 Sic

276 2910 355 2968 enim
376 2908 480 2969 melius
501 2908 670 2974 declaratur
693 2910 850 2971 liberalitas
876 2911 1025 2973 Ciceronis
1045 2923 1077 2974 et
1098 2918 1249 2998 cupiditas

277 3015 470 3077 satisfaciendi
488 3017 655 3099 Phameae,
675 3039 771 3101 quum
785 3017 928 3098 affirmet,
949 3041 1010 3081 uno
1031 3020 1082 3082 illo
1104 3040 1248 3109 excepto,

275 3142 307 3181 se
320 3123 458 3183 omuibus
473 3124 536 3185 aliis
548 3125 654 3186 diebus
668 3125 813 3186 arbitratu
828 3129 918 3209 ipsius
939 3129 969 3186 in
990 3139 1138 3210 potestate
1152 3135 1248 3216 ipsius

276 3229 348 3291 sore.
369 3231 404 3292 ld
424 3235 483 3292 iam
505 3236 593 3295 sensit
614 3234 771 3295 Victorius.

238 3338 274 3414 14
293 3339 405 3422 Nempe
425 3340 588 3402 Phameam
608 3353 641 3402 et
659 3342 700 3405 Μ.
718 3342 887 3423 Tigellium.
912 3344 1019 3405 Graev.
1037 3344 1245 3412 Proverbium

273 3458 375 3506 uatum
398 3468 432 3509 ex
453 3469 505 3526 eo,
531 3448 613 3529 quod
639 3471 732 3531 quum
757 3451 897 3512 Tiberius
924 3453 1119 3534 Sempronius
1145 3456 1246 3519 Grac·

272 3551 345 3612 chus
366 3554 459 3615 altero
480 3555 634 3616 consulatu
654 3557 819 3618 Sardiniam
836 3558 1002 3637 domuerit,
1016 3570 1133 3622 tautum
1148 3568 1246 3648 capti-

271 3678 376 3721 vorum
392 3661 527 3739 adduxit,
542 3674 576 3723 ut
589 3662 678 3744 longa
693 3665 863 3727 venditione
875 3687 922 3727 res
936 3668 967 3727 in
980 3667 1176 3748 proverbium
1192 3692 1243 3731 ve·

271 3769 348 3829 niret
360 3768 454 3829 Sardi
466 3770 599 3842 ceneten·
620 3772 660 3831 ita
675 3772 746 3832 llur.
760 3774 837 3835 Vict.
852 3773 890 3834 de
904 3774 966 3833 Vir.
981 3773 1021 3835 ill.
1036 3796 1061 3834 e.
1076 3773 1127 3855 57.
1143 3777 1242 3838 Aliam

270 3874 356 3935 affert
377 3890 496 3936 assisam
518 3877 596 3938 Plut
619 3881 648 3942 in
662 3879 748 3940 llum.
763 3903 793 3963 p.
809 3881 861 3961 33,
884 3903 974 3964 quem
995 3880 1071 3941 ride.
1094 3881 1242 3943 Erasmus

270 3988 299 4039 in
320 3981 408 4040 Prot.
429 3981 505 4042 Chii.
525 3984 552 4064 l,
572 3995 649 4044 eant
664 3986 690 4044 t·
693 3987 720 4066 1,
740 3986 770 4045 5.
791 3987 868 4047 Vide
889 3987 1087 4048 Pontederam
1110 4010 1158 4073 ep.
1182 3991 1238 4066 34,
