2648 4822
484 482 520 545 ni
546 477 742 545 trrsronss·
1035 469 1108 566 425

151 581 355 680 seitq'uaedo,
376 616 470 678 aeque
490 595 575 656 bene.
590 595 690 677 Vulgo
712 595 782 655 olim
802 580 856 655 sed
867 598 1109 678 qmtm3omnino

150 706 236 766 male.
411 689 413 693 Α
447 688 449 693 .
937 729 940 732 ·

109 815 291 892 3Quatuor
321 798 414 873 nostri
445 832 514 872 anm
545 811 650 872 Lamb.
688 833 747 872 non
763 810 881 893 ·quorl,·
912 811 1012 872 confer
1043 832 1109 896 epp.

149 921 288 983 CLXXV
308 932 338 981 et
358 919 498 1000 LXXlV,
519 919 554 1003 5,
576 919 705 1001 aliasque
725 919 802 980 bene
822 916 938 980 multas.

108 1028 130 1110 4
149 1029 205 1112 Ep.
225 1027 398 1088 DCCCLVI
419 1027 483 1087 sub.
505 1030 559 1087 in.:
582 1026 727 1088 Homines
754 1047 809 1087 nos
833 1041 865 1087 ut
887 1044 950 1086 esse
971 1029 1111 1087 neemiae·

150 1138 259 1216 naues,
278 1158 316 1198 ea
336 1138 397 1218 lege
415 1149 517 1209 natos,
545 1148 577 1195 ut
600 1134 735 1195 erunibus
747 1136 820 1194 'telis
835 1135 979 1215 fhrtunae
996 1118 1111 1216 pmposs

149 1246 207 1306 sita
234 1246 272 1304 sit
297 1247 356 1305 vita
380 1257 497 1317 nostra,
524 1253 578 1303 eto
606 1243 690 1303 Idem
716 1245 745 1301 in
766 1264 832 1325 epp.
855 1241 1006 1301 CLXXVI
1031 1240 1109 1303 med

151 1364 182 1414 et
201 1353 363 1414 CLXXIX.
385 1353 473 1428 Quae
493 1354 550 1412 tria
570 1353 629 1411 iam
645 1350 797 1410 Manutius
810 1347 948 1410 laudavit.
962 1350 1110 1411 Fortunae

150 1459 411 1533 suecemzbendwn,
438 1459 589 1542 praeclare
616 1458 807 1518 Metrodorus
830 1456 911 1540 apud
937 1457 997 1518 Cic.
1018 1456 1109 1518 Tusc.

151 1568 190 1648 V,
210 1589 245 1653 9:
270 1568 425 1651 Occupavi
443 1581 484 1640 te,
506 1568 616 1648 inquit,
626 1566 768 1646 fhrtwra,
787 1579 877 1648 atqree
896 1565 975 1649 cepi:
994 1570 1114 1625 omnes-¹

150 1698 207 1757 que
226 1674 327 1737 adias
347 1689 412 1736 tuos
432 1675 565 1746 exclusi,
587 1687 619 1734 ut
637 1673 682 1735 ad
698 1694 745 1733 me
758 1672 915 1754 adspirare
926 1693 986 1733 non
995 1692 1109 1756 posses.

110 1783 129 1842 5
150 1781 233 1843 ldern
254 1781 359 1863 adep.
381 1781 537 1861 DLXVll,
550 1781 578 1841 3.
599 1781 664 1840 Non
685 1780 780 1840 solum
801 1779 977 1840 hilaritatem
999 1781 1111 1860 amisit,

151 1889 218 1969 sed,
238 1900 273 1950 ut
293 1887 431 1952 observat
451 1890 618 1968 Manutius,
641 1891 751 1949 vietum
772 1909 803 1949 se
823 1908 841 1947 a
862 1887 980 1948 Munna
1001 1887 1112 1948 fatetur

151 1999 203 2058 illis
225 1998 337 2082 verbis,
358 2008 524 2079 quaesunt
545 1996 626 2080 apud
645 1998 851 2079 Lactantium,
872 1996 937 2056 Div.
960 1995 1027 2055 lust
1049 1994 1111 2075 lll,

151 2103 204 2166 28:
224 2104 319 2189 Cedo,
340 2108 450 2187 inquit,
470 2120 497 2166 et
516 2127 638 2166 mantem
658 2106 737 2166 tollo.
759 2104 820 2184 En,
841 2108 894 2183 ait,
914 2123 1037 2163 manum
1056 2102 1112 2163 tol·
1175 2174 1179 2183 ¹

151 2214 194 2295 Io,
214 2213 303 2286 cedo,
324 2215 425 2273 vicisti.
441 2214 528 2291 Quae
549 2213 640 2273 verba
660 2223 690 2272 et
707 2212 744 2271 D.
759 2212 957 2287 Hieronymus
969 2211 1110 2270 meminit

108 2320 130 2383 6
151 2321 262 2380 Contra
288 2319 519 2401 obtrectatores,
549 2322 600 2400 qui
627 2341 696 2379 eum
717 2307 781 2378 'non
808 2330 870 2379 tam
890 2315 996 2395 filiam,
1019 2318 1116 2398 qnam'

149 2449 250 2489 rerum
277 2439 387 2488 statum
412 2427 516 2508 lugere
542 2425 799 2486 calumniabantur
829 2425 911 2510 apud
935 2423 1110 2507 Caesarem3

148 2547 183 2597 ut
203 2540 260 2596 iarn
282 2545 498 2596 commentatus
511 2546 562 2595 ‘est
583 2533 771 2595 Gebhnrdus.

109 2666 127 2724 7
149 2645 238 2706 Deest
259 2665 392 2706 nieorum
414 2645 443 2704 in
464 2643 511 2705 ed.
533 2641 613 2703 Med.

512 2969 708 3030 Dxxxvttt.

116 3201 125 3239 t
151 3181 296 3241 Graevius
317 3181 419 3242 laudat
439 3182 504 3243 cod‘.
526 3183 748 3264 Balliolensem,
778 3187 828 3266 qui
850 3182 941 3245 habet
956 3182 1109 3266 pudenter,

149 3288 179 3348 h.
200 3310 225 3350 e.
249 3289 388 3352 modeste.
411 3291 567 3374 Optimum
589 3312 707 3353 sensum
728 3290 819 3353 habet
840 3295 927 3353 etiam
939 3291 1110 3373 prudenter,
1180 3303 1184 3312 '

150 3394 180 3453 h.
202 3417 226 3455 e.
248 3399 325 3458 scite.

114 3521 131 3557 α
153 3505 263 3562 Atticus
283 3508 313 3564 in
335 3503 428 3586 libro,
454 3526 544 3587 quern
570 3509 599 3565 in
625 3505 745 3567 laudam
766 3507 884 3567 Catonis
908 3506 1018 3566 Brutus
1039 3507 1109 3564 scri·

153 3621 266 3687 pserat,
286 3609 324 3671 de
343 3612 433 3671 rebus
453 3612 632 3695 quibusdam
653 3613 708 3674 sibi
728 3616 824 3674 minus
837 3613 970 3698 probatis
982 3612 1110 3672 Brutum

154 3716 249 3793 ipsum
270 3721 449 3798 quaesierat,
468 3733 502 3780 ut
524 3720 632 3781 Schiitz
653 3722 797 3804 explanat.

116 3821 133 3878 3
154 3822 201 3879 De
214 3824 365 3902 puniendis
379 3826 508 3907 (morte)
523 3832 569 3907 iis,
583 3831 634 3911 qui
648 3850 717 3889 cum
732 3829 856 3888 Catilina
878 3829 1110 3887 coniuraverant.

155 3927 268 3987 Μαηιιτ.
291 3930 464 3995 Considares
491 3956 593 3996 omnes
620 3947 715 3995 morte
744 3940 911 3995 coniuratos
941 3954 1003 3993 esse
1034 3931 1112 3992 mul·

155 4035 259 4094 taudos
281 4054 473 4122 censuerunt3
501 4065 594 4124 qttum
621 4054 720 4105 tamen
742 4064 792 4104 eos
814 4042 921 4102 Caesar
942 4047 971 4101 in
991 4041 1112 4102 vinculis
