<?xml version="1.0" encoding="UTF-8"?>
<!DOCTYPE html PUBLIC "-//W3C//DTD XHTML 1.0 Transitional//EN"
    "http://www.w3.org/TR/xhtml1/DTD/xhtml1-transitional.dtd">
<html xmlns="http://www.w3.org/1999/xhtml" xml:lang="en" lang="en">
 <head>
  <title>
</title>
<meta http-equiv="Content-Type" content="text/html;charset=utf-8" />
  <meta name='ocr-system' content='tesseract 3.04.00' />
  <meta name='ocr-capabilities' content='ocr_page ocr_carea ocr_par ocr_line ocrx_word'/>
</head>
<body>
  <div class='ocr_page' id='page_1' title='image "./mtulliiciceroni11cicegoog/mtulliiciceroni11cicegoog_0163.png"; bbox 0 0 2648 4822; ppageno 0'>
   <div class='ocr_carea' id='block_1_1' title="bbox 238 403 1281 1882">
    <p class='ocr_par' dir='ltr' id='par_1_1' title="bbox 251 403 1215 488">
     <span class='ocr_line' id='line_1_1' title="bbox 251 403 1215 488; baseline -0.002 -9"><span class='ocrx_word' id='word_1_1' title='bbox 251 403 318 479; x_wconf 79' lang='lat'><strong>156</strong></span> <span class='ocrx_word' id='word_1_2' title='bbox 579 423 749 473; x_wconf 77' lang='lat' dir='ltr'><strong>rrrsrom</strong></span> <span class='ocrx_word' id='word_1_3' title='bbox 775 425 883 473; x_wconf 78' lang='lat' dir='ltr'><strong>nuru.</strong></span> <span class='ocrx_word' id='word_1_4' title='bbox 1017 425 1049 474; x_wconf 74' lang='grc' dir='ltr'><strong>Α.</strong></span> <span class='ocrx_word' id='word_1_5' title='bbox 1070 427 1101 475; x_wconf 87' lang='lat' dir='ltr'><strong>v.</strong></span> <span class='ocrx_word' id='word_1_6' title='bbox 1120 428 1148 475; x_wconf 84' lang='lat' dir='ltr'><strong>c</strong></span> <span class='ocrx_word' id='word_1_7' title='bbox 1167 423 1215 488; x_wconf 66' lang='lat' dir='ltr'><strong>‚os</strong></span> 
     </span>
    </p>

    <p class='ocr_par' dir='ltr' id='par_1_2' title="bbox 238 524 1281 1882">
     <span class='ocr_line' id='line_1_2' title="bbox 244 524 1240 629; baseline -0.002 -26"><span class='ocrx_word' id='word_1_8' title='bbox 244 543 318 628; x_wconf 88' lang='lat' dir='ltr'><strong>set,</strong></span> <span class='ocrx_word' id='word_1_9' title='bbox 341 541 382 600; x_wconf 86' lang='lat' dir='ltr'><strong>ut</strong></span> <span class='ocrx_word' id='word_1_10' title='bbox 405 552 471 624; x_wconf 88' lang='lat' dir='ltr'><strong>ego</strong></span> <span class='ocrx_word' id='word_1_11' title='bbox 497 550 726 627; x_wconf 78' lang='lat' dir='ltr'><strong>consequerer</strong></span> <span class='ocrx_word' id='word_1_12' title='bbox 751 524 811 623; x_wconf 92' lang='lat' dir='ltr'><strong>id,</strong></span> <span class='ocrx_word' id='word_1_13' title='bbox 843 524 941 626; x_wconf 91' lang='lat' dir='ltr'><strong>quod</strong></span> <span class='ocrx_word' id='word_1_14' title='bbox 974 552 1103 626; x_wconf 84' lang='lat' dir='ltr'><strong>magno</strong></span> <span class='ocrx_word' id='word_1_15' title='bbox 1133 554 1240 629; x_wconf 89' lang='lat' dir='ltr'><strong>opere</strong></span> 
     </span>
     <span class='ocr_line' id='line_1_3' title="bbox 243 650 1241 752; baseline -0.001 -25"><span class='ocrx_word' id='word_1_16' title='bbox 243 654 391 752; x_wconf 84' lang='lat' dir='ltr'><strong>vellem,</strong></span> <span class='ocrx_word' id='word_1_17' title='bbox 414 678 605 752; x_wconf 84' lang='lat' dir='ltr'><strong>numquam</strong></span> <span class='ocrx_word' id='word_1_18' title='bbox 630 677 671 724; x_wconf 90' lang='lat' dir='ltr'><strong>ea</strong></span> <span class='ocrx_word' id='word_1_19' title='bbox 695 677 750 724; x_wconf 87' lang='lat' dir='ltr'><strong>res</strong></span> <span class='ocrx_word' id='word_1_20' title='bbox 776 650 840 722; x_wconf 86' lang='lat' dir='ltr'><strong>tibi</strong></span> <span class='ocrx_word' id='word_1_21' title='bbox 867 665 938 723; x_wconf 89' lang='lat' dir='ltr'><strong>tarn</strong></span> <span class='ocrx_word' id='word_1_22' title='bbox 963 651 1054 724; x_wconf 90' lang='lat' dir='ltr'><strong>belle</strong></span> <span class='ocrx_word' id='word_1_23' title='bbox 1079 655 1119 725; x_wconf 93' lang='lat' dir='ltr'><strong>in</strong></span> <span class='ocrx_word' id='word_1_24' title='bbox 1143 680 1241 726; x_wconf 90' lang='lat' dir='ltr'><strong>men·</strong></span> 
     </span>
     <span class='ocr_line' id='line_1_4' title="bbox 242 776 1241 878; baseline 0.001 -26"><span class='ocrx_word' id='word_1_25' title='bbox 242 793 312 852; x_wconf 91' lang='lat' dir='ltr'><strong>tem</strong></span> <span class='ocrx_word' id='word_1_26' title='bbox 337 779 455 852; x_wconf 87' lang='lat' dir='ltr'><strong>venire</strong></span> <span class='ocrx_word' id='word_1_27' title='bbox 480 779 661 878; x_wconf 86' lang='lat' dir='ltr'><strong>potuisset</strong></span> <span class='ocrx_word' id='word_1_28' title='bbox 688 776 775 875; x_wconf 86' lang='lat' dir='ltr'><strong>Sed,</strong></span> <span class='ocrx_word' id='word_1_29' title='bbox 792 779 911 850; x_wconf 91' lang='lat' dir='ltr'><strong>nescio</strong></span> <span class='ocrx_word' id='word_1_30' title='bbox 937 801 1008 878; x_wconf 90' lang='lat' dir='ltr'><strong>quo</strong></span> <span class='ocrx_word' id='word_1_31' title='bbox 1034 792 1161 878; x_wconf 86' lang='lat' dir='ltr'><strong>pacto,</strong></span> <span class='ocrx_word' id='word_1_32' title='bbox 1188 806 1241 853; x_wconf 88' lang='lat' dir='ltr'><strong>ce-</strong></span> 
     </span>
     <span class='ocr_line' id='line_1_5' title="bbox 239 901 1281 1005; baseline -0.006 -29"><span class='ocrx_word' id='word_1_33' title='bbox 239 903 436 978; x_wconf 85' lang='lat' dir='ltr'><strong>lebritatem</strong></span> <span class='ocrx_word' id='word_1_34' title='bbox 460 904 608 1005; x_wconf 82' lang='lat' dir='ltr'><strong>requiro.</strong></span> <span class='ocrx_word' id='word_1_35' title='bbox 633 906 756 1005; x_wconf 88' lang='lat' dir='ltr'><strong>Itaque</strong></span> <span class='ocrx_word' id='word_1_36' title='bbox 782 902 905 976; x_wconf 88' lang='lat' dir='ltr'><strong>hortos</strong></span> <span class='ocrx_word' id='word_1_37' title='bbox 932 901 1017 975; x_wconf 88' lang='lat' dir='ltr'><strong>mihi</strong></span> <span class='ocrx_word' id='word_1_38' title='bbox 1034 903 1239 1003; x_wconf 81' lang='lat' dir='ltr'><strong>conficiasl,</strong></span> <span class='ocrx_word' id='word_1_39' title='bbox 1271 962 1281 991; x_wconf 76' lang='lat'><strong>,</strong></span> 
     </span>
     <span class='ocr_line' id='line_1_6' title="bbox 240 1027 1240 1127; baseline 0 -26"><span class='ocrx_word' id='word_1_40' title='bbox 240 1055 381 1103; x_wconf 90' lang='lat' dir='ltr'><strong>necesse</strong></span> <span class='ocrx_word' id='word_1_41' title='bbox 407 1042 468 1102; x_wconf 88' lang='lat' dir='ltr'><strong>est.</strong></span> <span class='ocrx_word' id='word_1_42' title='bbox 494 1030 644 1101; x_wconf 88' lang='lat' dir='ltr'><strong>Maxima</strong></span> <span class='ocrx_word' id='word_1_43' title='bbox 671 1030 785 1100; x_wconf 87' lang='lat' dir='ltr'><strong>estin</strong></span> <span class='ocrx_word' id='word_1_44' title='bbox 811 1027 1013 1127; x_wconf 87' lang='lat' dir='ltr'><strong>Scapulae⁵</strong></span> <span class='ocrx_word' id='word_1_45' title='bbox 1041 1027 1240 1110; x_wconf 61' lang='lat' dir='ltr'><strong>celebritas?</strong></span> 
     </span>
     <span class='ocr_line' id='line_1_7' title="bbox 240 1154 1238 1256; baseline -0.002 -29"><span class='ocrx_word' id='word_1_46' title='bbox 240 1157 516 1256; x_wconf 83' lang='lat' dir='ltr'><strong>propinquitas6</strong></span> <span class='ocrx_word' id='word_1_47' title='bbox 542 1169 737 1254; x_wconf 88' lang='lat' dir='ltr'><strong>praeterea,</strong></span> <span class='ocrx_word' id='word_1_48' title='bbox 762 1154 820 1224; x_wconf 90' lang='lat' dir='ltr'><strong>ubi</strong></span> <span class='ocrx_word' id='word_1_49' title='bbox 847 1155 908 1250; x_wconf 89' lang='lat' dir='ltr'><strong>sis,</strong></span> <span class='ocrx_word' id='word_1_50' title='bbox 933 1180 977 1225; x_wconf 91' lang='lat' dir='ltr'><strong>ne</strong></span> <span class='ocrx_word' id='word_1_51' title='bbox 1005 1168 1119 1226; x_wconf 89' lang='lat' dir='ltr'><strong>totum</strong></span> <span class='ocrx_word' id='word_1_52' title='bbox 1146 1154 1238 1226; x_wconf 90' lang='lat' dir='ltr'><strong>diem</strong></span> 
     </span>
     <span class='ocr_line' id='line_1_8' title="bbox 239 1278 1236 1381; baseline 0.001 -30"><span class='ocrx_word' id='word_1_53' title='bbox 239 1281 277 1352; x_wconf 93' lang='lat' dir='ltr'><strong>in</strong></span> <span class='ocrx_word' id='word_1_54' title='bbox 303 1280 420 1352; x_wconf 92' lang='lat' dir='ltr'><strong>villam</strong></span> <span class='ocrx_word' id='word_1_55' title='bbox 437 1299 462 1353; x_wconf 80' lang='lat'><strong>7.</strong></span> <span class='ocrx_word' id='word_1_56' title='bbox 487 1282 619 1379; x_wconf 81' lang='lat' dir='ltr'><strong>Quare,</strong></span> <span class='ocrx_word' id='word_1_57' title='bbox 645 1295 831 1381; x_wconf 87' lang='lat' dir='ltr'><strong>antequam</strong></span> <span class='ocrx_word' id='word_1_58' title='bbox 858 1278 1021 1377; x_wconf 78' lang='lat' dir='ltr'><strong>discedis,</strong></span> <span class='ocrx_word' id='word_1_59' title='bbox 1046 1280 1236 1376; x_wconf 81' lang='lat' dir='ltr'><strong>Othonem,</strong></span> 
     </span>
     <span class='ocr_line' id='line_1_9' title="bbox 239 1403 1237 1507; baseline -0.004 -25"><span class='ocrx_word' id='word_1_60' title='bbox 239 1407 268 1482; x_wconf 86' lang='lat' dir='ltr'><strong>si</strong></span> <span class='ocrx_word' id='word_1_61' title='bbox 294 1408 425 1481; x_wconf 89' lang='lat' dir='ltr'><strong>Romae</strong></span> <span class='ocrx_word' id='word_1_62' title='bbox 450 1421 520 1507; x_wconf 89' lang='lat' dir='ltr'><strong>est,</strong></span> <span class='ocrx_word' id='word_1_63' title='bbox 555 1409 743 1481; x_wconf 89' lang='lat' dir='ltr'><strong>convenias</strong></span> <span class='ocrx_word' id='word_1_64' title='bbox 774 1403 951 1506; x_wconf 86' lang='lat' dir='ltr'><strong>pervelim.</strong></span> <span class='ocrx_word' id='word_1_65' title='bbox 986 1405 1021 1476; x_wconf 89' lang='lat' dir='ltr'><strong>Si</strong></span> <span class='ocrx_word' id='word_1_66' title='bbox 1053 1405 1141 1477; x_wconf 87' lang='lat' dir='ltr'><strong>nilril</strong></span> <span class='ocrx_word' id='word_1_67' title='bbox 1173 1407 1237 1478; x_wconf 92' lang='lat' dir='ltr'><strong>erit</strong></span> 
     </span>
     <span class='ocr_line' id='line_1_10' title="bbox 241 1529 1238 1628; baseline -0.001 -24"><span class='ocrx_word' id='word_1_68' title='bbox 241 1535 333 1620; x_wconf 87' lang='lat' dir='ltr'><strong>(etsi</strong></span> <span class='ocrx_word' id='word_1_69' title='bbox 358 1547 395 1606; x_wconf 92' lang='lat' dir='ltr'><strong>tu</strong></span> <span class='ocrx_word' id='word_1_70' title='bbox 420 1559 534 1606; x_wconf 86' lang='lat' dir='ltr'><strong>meam</strong></span> <span class='ocrx_word' id='word_1_71' title='bbox 559 1532 742 1606; x_wconf 82' lang='lat' dir='ltr'><strong>stultitiam</strong></span> <span class='ocrx_word' id='word_1_72' title='bbox 775 1531 950 1619; x_wconf 88' lang='lat' dir='ltr'><strong>consuesti</strong></span> <span class='ocrx_word' id='word_1_73' title='bbox 982 1529 1088 1628; x_wconf 84' lang='lat' dir='ltr'><strong>ferre,</strong></span> <span class='ocrx_word' id='word_1_74' title='bbox 1113 1557 1155 1604; x_wconf 92' lang='lat' dir='ltr'><strong>eo</strong></span> <span class='ocrx_word' id='word_1_75' title='bbox 1189 1545 1238 1603; x_wconf 91' lang='lat' dir='ltr'><strong>ta-</strong></span> 
     </span>
     <span class='ocr_line' id='line_1_11' title="bbox 238 1654 1238 1758; baseline 0 -29"><span class='ocrx_word' id='word_1_76' title='bbox 238 1682 321 1730; x_wconf 90' lang='lat' dir='ltr'><strong>men</strong></span> <span class='ocrx_word' id='word_1_77' title='bbox 346 1657 571 1758; x_wconf 88' lang='lat' dir='ltr'><strong>progrediar,</strong></span> <span class='ocrx_word' id='word_1_78' title='bbox 607 1661 659 1730; x_wconf 91' lang='lat' dir='ltr'><strong>uti</strong></span> <span class='ocrx_word' id='word_1_79' title='bbox 687 1657 905 1731; x_wconf 86' lang='lat' dir='ltr'><strong>stomachere</strong></span> <span class='ocrx_word' id='word_1_80' title='bbox 922 1654 966 1730; x_wconf 60' lang='lat'><strong>⁸:&#39;</strong></span> <span class='ocrx_word' id='word_1_81' title='bbox 984 1659 1119 1730; x_wconf 89' lang='lat' dir='ltr'><strong>Drusus</strong></span> <span class='ocrx_word' id='word_1_82' title='bbox 1144 1657 1238 1729; x_wconf 91' lang='lat' dir='ltr'><strong>enim</strong></span> 
     </span>
     <span class='ocr_line' id='line_1_12' title="bbox 239 1782 1236 1882; baseline -0.001 -27"><span class='ocrx_word' id='word_1_83' title='bbox 239 1797 333 1856; x_wconf 89' lang='lat' dir='ltr'><strong>certe</strong></span> <span class='ocrx_word' id='word_1_84' title='bbox 359 1783 509 1856; x_wconf 87' lang='lat' dir='ltr'><strong>vendere</strong></span> <span class='ocrx_word' id='word_1_85' title='bbox 534 1782 610 1857; x_wconf 89' lang='lat' dir='ltr'><strong>vult</strong></span> <span class='ocrx_word' id='word_1_86' title='bbox 625 1795 647 1881; x_wconf 93' lang='lat'><strong>),</strong></span> <span class='ocrx_word' id='word_1_87' title='bbox 672 1784 701 1856; x_wconf 90' lang='lat' dir='ltr'><strong>si</strong></span> <span class='ocrx_word' id='word_1_88' title='bbox 727 1809 809 1880; x_wconf 84' lang='lat' dir='ltr'><strong>ergo</strong></span> <span class='ocrx_word' id='word_1_89' title='bbox 835 1782 930 1855; x_wconf 89' lang='lat' dir='ltr'><strong>aliud</strong></span> <span class='ocrx_word' id='word_1_90' title='bbox 954 1808 1027 1855; x_wconf 89' lang='lat' dir='ltr'><strong>non</strong></span> <span class='ocrx_word' id='word_1_91' title='bbox 1051 1783 1135 1882; x_wconf 84' lang='lat' dir='ltr'><strong>erit,</strong></span> <span class='ocrx_word' id='word_1_92' title='bbox 1159 1807 1236 1854; x_wconf 89' lang='lat' dir='ltr'><strong>mea</strong></span> 
     </span>
    </p>
   </div>
   <div class='ocr_carea' id='block_1_2' title="bbox 236 1907 1236 2264">
    <p class='ocr_par' dir='ltr' id='par_1_3' title="bbox 236 1907 1236 2264">
     <span class='ocr_line' id='line_1_13' title="bbox 237 1907 1236 2011; baseline 0.002 -30"><span class='ocrx_word' id='word_1_93' title='bbox 237 1910 304 1983; x_wconf 89' lang='lat' dir='ltr'><strong>en&#39;t</strong></span> <span class='ocrx_word' id='word_1_94' title='bbox 328 1908 430 2011; x_wconf 92' lang='lat' dir='ltr'><strong>culpa</strong></span> <span class='ocrx_word' id='word_1_95' title='bbox 448 1927 475 2007; x_wconf 83' lang='lat'><strong>9,</strong></span> <span class='ocrx_word' id='word_1_96' title='bbox 499 1911 564 1982; x_wconf 89' lang='lat' dir='ltr'><strong>nisi</strong></span> <span class='ocrx_word' id='word_1_97' title='bbox 590 1935 727 1983; x_wconf 89' lang='lat' dir='ltr'><strong>emero:</strong></span> <span class='ocrx_word' id='word_1_98' title='bbox 763 1936 831 2011; x_wconf 90' lang='lat' dir='ltr'><strong>qua</strong></span> <span class='ocrx_word' id='word_1_99' title='bbox 864 1911 902 1980; x_wconf 91' lang='lat' dir='ltr'><strong>in</strong></span> <span class='ocrx_word' id='word_1_100' title='bbox 935 1936 972 1982; x_wconf 93' lang='lat' dir='ltr'><strong>re</strong></span> <span class='ocrx_word' id='word_1_101' title='bbox 1005 1935 1049 1981; x_wconf 90' lang='lat' dir='ltr'><strong>ne</strong></span> <span class='ocrx_word' id='word_1_102' title='bbox 1080 1907 1177 1983; x_wconf 92' lang='lat' dir='ltr'><strong>labar</strong></span> <span class='ocrx_word' id='word_1_103' title='bbox 1196 1925 1236 2006; x_wconf 80' lang='lat'><strong>¹⁰,</strong></span> 
     </span>
     <span class='ocr_line' id='line_1_14' title="bbox 236 2035 1236 2138; baseline 0 -30"><span class='ocrx_word' id='word_1_104' title='bbox 236 2060 384 2138; x_wconf 88' lang='lat' dir='ltr'><strong>quaeso,</strong></span> <span class='ocrx_word' id='word_1_105' title='bbox 408 2035 565 2136; x_wconf 83' lang='lat' dir='ltr'><strong>provide.</strong></span> <span class='ocrx_word' id='word_1_106' title='bbox 592 2035 808 2110; x_wconf 86' lang='lat' dir='ltr'><strong>Providendi</strong></span> <span class='ocrx_word' id='word_1_107' title='bbox 835 2049 951 2108; x_wconf 91' lang='lat' dir='ltr'><strong>autem</strong></span> <span class='ocrx_word' id='word_1_108' title='bbox 976 2061 1045 2107; x_wconf 90' lang='lat' dir='ltr'><strong>una</strong></span> <span class='ocrx_word' id='word_1_109' title='bbox 1063 2037 1152 2109; x_wconf 86' lang='lat' dir='ltr'><strong>ratio</strong></span> <span class='ocrx_word' id='word_1_110' title='bbox 1169 2049 1236 2133; x_wconf 90' lang='lat' dir='ltr'><strong>est,</strong></span> 
     </span>
     <span class='ocr_line' id='line_1_15' title="bbox 236 2160 1235 2264; baseline -0.003 -29"><span class='ocrx_word' id='word_1_111' title='bbox 236 2162 375 2264; x_wconf 91' lang='lat' dir='ltr'><strong>siquid</strong></span> <span class='ocrx_word' id='word_1_112' title='bbox 414 2162 458 2234; x_wconf 91' lang='lat' dir='ltr'><strong>de</strong></span> <span class='ocrx_word' id='word_1_113' title='bbox 491 2161 695 2263; x_wconf 88' lang='lat' dir='ltr'><strong>Scapulanis</strong></span> <span class='ocrx_word' id='word_1_114' title='bbox 733 2189 929 2263; x_wconf 87' lang='lat' dir='ltr'><strong>possumus.</strong></span> <span class='ocrx_word' id='word_1_115' title='bbox 966 2165 1015 2234; x_wconf 88' lang='lat' dir='ltr'><strong>Et</strong></span> <span class='ocrx_word' id='word_1_116' title='bbox 1047 2160 1154 2234; x_wconf 85' lang='lat' dir='ltr'><strong>velim</strong></span> <span class='ocrx_word' id='word_1_117' title='bbox 1179 2188 1235 2233; x_wconf 91' lang='lat' dir='ltr'><strong>me</strong></span> 
     </span>
    </p>
   </div>
   <div class='ocr_carea' id='block_1_3' title="bbox 230 2285 1234 3397">
    <p class='ocr_par' dir='ltr' id='par_1_4' title="bbox 236 2285 1234 2488">
     <span class='ocr_line' id='line_1_16' title="bbox 236 2285 1234 2389; baseline -0.003 -28"><span class='ocrx_word' id='word_1_118' title='bbox 236 2291 419 2363; x_wconf 88' lang='lat' dir='ltr'><strong>certiorem</strong></span> <span class='ocrx_word' id='word_1_119' title='bbox 445 2287 571 2386; x_wconf 84' lang='lat' dir='ltr'><strong>saclas,</strong></span> <span class='ocrx_word' id='word_1_120' title='bbox 605 2315 710 2389; x_wconf 88' lang='lat' dir='ltr'><strong>qnam</strong></span> <span class='ocrx_word' id='word_1_121' title='bbox 737 2289 795 2360; x_wconf 91' lang='lat' dir='ltr'><strong>diu</strong></span> <span class='ocrx_word' id='word_1_122' title='bbox 820 2290 857 2359; x_wconf 89' lang='lat' dir='ltr'><strong>in</strong></span> <span class='ocrx_word' id='word_1_123' title='bbox 883 2285 1083 2360; x_wconf 91' lang='lat' dir='ltr'><strong>suburbano</strong></span> <span class='ocrx_word' id='word_1_124' title='bbox 1109 2289 1156 2360; x_wconf 90' lang='lat' dir='ltr'><strong>sis</strong></span> <span class='ocrx_word' id='word_1_125' title='bbox 1181 2287 1234 2359; x_wconf 89' lang='lat' dir='ltr'><strong>fu·</strong></span> 
     </span>
     <span class='ocr_line' id='line_1_17' title="bbox 236 2426 342 2488; baseline 0 -2"><span class='ocrx_word' id='word_1_126' title='bbox 236 2426 342 2488; x_wconf 82' lang='lat' dir='ltr'><strong>turus.</strong></span> 
     </span>
    </p>

    <p class='ocr_par' dir='ltr' id='par_1_5' title="bbox 231 2536 1233 3017">
     <span class='ocr_line' id='line_1_18' title="bbox 284 2536 1233 2640; baseline -0.006 -26"><span class='ocrx_word' id='word_1_127' title='bbox 284 2543 308 2635; x_wconf 72' lang='grc'><em>4</em></span> <span class='ocrx_word' id='word_1_128' title='bbox 333 2538 440 2640; x_wconf 84' lang='lat' dir='ltr'><strong>Apud</strong></span> <span class='ocrx_word' id='word_1_129' title='bbox 456 2542 657 2614; x_wconf 88' lang='lat' dir='ltr'><strong>Terentiam</strong></span> <span class='ocrx_word' id='word_1_130' title='bbox 673 2555 701 2589; x_wconf 82' lang='lat'><strong>¹¹</strong></span> <span class='ocrx_word' id='word_1_131' title='bbox 729 2540 836 2636; x_wconf 83' lang='lat' dir='ltr'><strong>gratia</strong></span> <span class='ocrx_word' id='word_1_132' title='bbox 864 2564 953 2638; x_wconf 92' lang='lat' dir='ltr'><strong>opus</strong></span> <span class='ocrx_word' id='word_1_133' title='bbox 974 2552 1028 2611; x_wconf 89' lang='lat' dir='ltr'><strong>est</strong></span> <span class='ocrx_word' id='word_1_134' title='bbox 1043 2536 1146 2610; x_wconf 90' lang='lat' dir='ltr'><strong>nobis</strong></span> <span class='ocrx_word' id='word_1_135' title='bbox 1164 2550 1233 2635; x_wconf 90' lang='lat' dir='ltr'><strong>tua,</strong></span> 
     </span>
     <span class='ocr_line' id='line_1_19' title="bbox 233 2663 1231 2766; baseline -0.003 -28"><span class='ocrx_word' id='word_1_136' title='bbox 233 2678 362 2766; x_wconf 86' lang='lat' dir='ltr'><strong>tuaque</strong></span> <span class='ocrx_word' id='word_1_137' title='bbox 388 2667 606 2738; x_wconf 88' lang='lat' dir='ltr'><strong>auctoritate.</strong></span> <span class='ocrx_word' id='word_1_138' title='bbox 633 2664 703 2737; x_wconf 91' lang='lat' dir='ltr'><strong>Sed</strong></span> <span class='ocrx_word' id='word_1_139' title='bbox 728 2664 848 2761; x_wconf 86' lang='lat' dir='ltr'><strong>facies,</strong></span> <span class='ocrx_word' id='word_1_140' title='bbox 872 2679 913 2737; x_wconf 92' lang='lat' dir='ltr'><strong>ut</strong></span> <span class='ocrx_word' id='word_1_141' title='bbox 937 2664 1121 2737; x_wconf 89' lang='lat' dir='ltr'><strong>videbitur.</strong></span> <span class='ocrx_word' id='word_1_142' title='bbox 1152 2663 1231 2736; x_wconf 90' lang='lat' dir='ltr'><strong>Scio</strong></span> 
     </span>
     <span class='ocr_line' id='line_1_20' title="bbox 234 2789 1231 2890; baseline -0.002 -26"><span class='ocrx_word' id='word_1_143' title='bbox 234 2792 343 2889; x_wconf 89' lang='lat' dir='ltr'><strong>enim,</strong></span> <span class='ocrx_word' id='word_1_144' title='bbox 367 2792 396 2863; x_wconf 90' lang='lat' dir='ltr'><strong>si</strong></span> <span class='ocrx_word' id='word_1_145' title='bbox 422 2791 506 2890; x_wconf 92' lang='lat' dir='ltr'><strong>quid</strong></span> <span class='ocrx_word' id='word_1_146' title='bbox 532 2817 609 2862; x_wconf 89' lang='lat' dir='ltr'><strong>mea</strong></span> <span class='ocrx_word' id='word_1_147' title='bbox 634 2791 787 2887; x_wconf 90' lang='lat' dir='ltr'><strong>intersit,</strong></span> <span class='ocrx_word' id='word_1_148' title='bbox 811 2789 875 2863; x_wconf 90' lang='lat' dir='ltr'><strong>tibi</strong></span> <span class='ocrx_word' id='word_1_149' title='bbox 901 2791 1023 2864; x_wconf 89' lang='lat' dir='ltr'><strong>maiori</strong></span> <span class='ocrx_word' id='word_1_150' title='bbox 1048 2815 1152 2863; x_wconf 86' lang='lat' dir='ltr'><strong>curae</strong></span> <span class='ocrx_word' id='word_1_151' title='bbox 1177 2813 1231 2862; x_wconf 90' lang='lat' dir='ltr'><strong>so·</strong></span> 
     </span>
     <span class='ocr_line' id='line_1_21' title="bbox 231 2915 675 3017; baseline -0.005 -28"><span class='ocrx_word' id='word_1_152' title='bbox 231 2915 303 2990; x_wconf 86' lang='lat' dir='ltr'><strong>lere</strong></span> <span class='ocrx_word' id='word_1_153' title='bbox 329 2941 424 3012; x_wconf 92' lang='lat' dir='ltr'><strong>esse,</strong></span> <span class='ocrx_word' id='word_1_154' title='bbox 450 2941 555 3017; x_wconf 89' lang='lat' dir='ltr'><strong>quam</strong></span> <span class='ocrx_word' id='word_1_155' title='bbox 581 2915 675 2987; x_wconf 87' lang='lat' dir='ltr'><strong>milri.</strong></span> 
     </span>
    </p>

    <p class='ocr_par' dir='ltr' id='par_1_6' title="bbox 230 3040 1231 3397">
     <span class='ocr_line' id='line_1_22' title="bbox 281 3040 1231 3143; baseline 0 -29"><span class='ocrx_word' id='word_1_156' title='bbox 281 3040 303 3114; x_wconf 87' lang='grc'>5</span> <span class='ocrx_word' id='word_1_157' title='bbox 330 3042 463 3113; x_wconf 88' lang='lat' dir='ltr'><strong>Hirtius</strong></span> <span class='ocrx_word' id='word_1_158' title='bbox 489 3041 535 3114; x_wconf 88' lang='lat' dir='ltr'><strong>ad</strong></span> <span class='ocrx_word' id='word_1_159' title='bbox 560 3067 616 3113; x_wconf 88' lang='lat' dir='ltr'><strong>me</strong></span> <span class='ocrx_word' id='word_1_160' title='bbox 642 3043 799 3143; x_wconf 87' lang='lat' dir='ltr'><strong>scripsit,</strong></span> <span class='ocrx_word' id='word_1_161' title='bbox 823 3044 899 3115; x_wconf 91' lang='lat' dir='ltr'><strong>Sex.</strong></span> <span class='ocrx_word' id='word_1_162' title='bbox 919 3042 1129 3141; x_wconf 90' lang='lat' dir='ltr'><strong>Pompeium</strong></span> <span class='ocrx_word' id='word_1_163' title='bbox 1147 3041 1231 3115; x_wconf 90' lang='lat' dir='ltr'><strong>Cor-</strong></span> 
     </span>
     <span class='ocr_line' id='line_1_23' title="bbox 231 3165 1229 3270; baseline -0.001 -31"><span class='ocrx_word' id='word_1_164' title='bbox 231 3165 324 3239; x_wconf 90' lang='lat' dir='ltr'><strong>duba</strong></span> <span class='ocrx_word' id='word_1_165' title='bbox 351 3166 477 3266; x_wconf 83' lang='lat' dir='ltr'><strong>exisse,</strong></span> <span class='ocrx_word' id='word_1_166' title='bbox 502 3182 538 3240; x_wconf 93' lang='lat' dir='ltr'><strong>et</strong></span> <span class='ocrx_word' id='word_1_167' title='bbox 563 3167 688 3267; x_wconf 82' lang='lat' dir='ltr'><strong>fugisse</strong></span> <span class='ocrx_word' id='word_1_168' title='bbox 713 3170 749 3240; x_wconf 90' lang='lat' dir='ltr'><strong>in</strong></span> <span class='ocrx_word' id='word_1_169' title='bbox 775 3170 982 3270; x_wconf 90' lang='lat' dir='ltr'><strong>Hispaniam</strong></span> <span class='ocrx_word' id='word_1_170' title='bbox 1015 3168 1229 3263; x_wconf 76' lang='lat' dir='ltr'><strong>citeriorem,</strong></span> 
     </span>
     <span class='ocr_line' id='line_1_24' title="bbox 230 3293 1227 3397; baseline -0.002 -32"><span class='ocrx_word' id='word_1_171' title='bbox 230 3293 384 3366; x_wconf 83' lang='lat' dir='ltr'><strong>Gnaeum</strong></span> <span class='ocrx_word' id='word_1_172' title='bbox 403 3309 432 3342; x_wconf 85' lang='lat'><strong>¹²</strong></span> <span class='ocrx_word' id='word_1_173' title='bbox 456 3293 599 3392; x_wconf 84' lang='lat' dir='ltr'><strong>fugisse,</strong></span> <span class='ocrx_word' id='word_1_174' title='bbox 620 3297 737 3368; x_wconf 89' lang='lat' dir='ltr'><strong>nescio</strong></span> <span class='ocrx_word' id='word_1_175' title='bbox 764 3322 848 3397; x_wconf 91' lang='lat' dir='ltr'><strong>quo:</strong></span> <span class='ocrx_word' id='word_1_176' title='bbox 874 3319 988 3396; x_wconf 87' lang='lat' dir='ltr'><strong>neque</strong></span> <span class='ocrx_word' id='word_1_177' title='bbox 1013 3295 1106 3366; x_wconf 91' lang='lat' dir='ltr'><strong>enim</strong></span> <span class='ocrx_word' id='word_1_178' title='bbox 1133 3318 1227 3365; x_wconf 88' lang='lat' dir='ltr'><strong>curo.</strong></span> 
     </span>
    </p>
   </div>
   <div class='ocr_carea' id='block_1_4' title="bbox 226 3416 1229 4020">
    <p class='ocr_par' dir='ltr' id='par_1_7' title="bbox 226 3416 1229 3900">
     <span class='ocr_line' id='line_1_25' title="bbox 229 3416 1229 3517; baseline -0.001 -25"><span class='ocrx_word' id='word_1_179' title='bbox 229 3416 324 3492; x_wconf 90' lang='lat' dir='ltr'><strong>Nihil</strong></span> <span class='ocrx_word' id='word_1_180' title='bbox 350 3434 529 3517; x_wconf 87' lang='lat' dir='ltr'><strong>praeterea</strong></span> <span class='ocrx_word' id='word_1_181' title='bbox 554 3421 649 3493; x_wconf 90' lang='lat' dir='ltr'><strong>novi.</strong></span> <span class='ocrx_word' id='word_1_182' title='bbox 667 3423 801 3496; x_wconf 85' lang='lat' dir='ltr'><strong>Literas</strong></span> <span class='ocrx_word' id='word_1_183' title='bbox 819 3421 985 3496; x_wconf 90' lang='lat' dir='ltr'><strong>Narbone</strong></span> <span class='ocrx_word' id='word_1_184' title='bbox 1003 3419 1103 3494; x_wconf 83' lang='lat' dir='ltr'><strong>dedit</strong></span> <span class='ocrx_word' id='word_1_185' title='bbox 1118 3418 1229 3491; x_wconf 86' lang='lat' dir='ltr'>XIIII</span> 
     </span>
     <span class='ocr_line' id='line_1_26' title="bbox 228 3538 452 3615; baseline 0.004 -1"><span class='ocrx_word' id='word_1_186' title='bbox 228 3538 306 3614; x_wconf 84' lang='lat' dir='ltr'><strong>Kal.</strong></span> <span class='ocrx_word' id='word_1_187' title='bbox 332 3543 452 3615; x_wconf 88' lang='lat' dir='ltr'><strong>Maias.</strong></span> 
     </span>
     <span class='ocr_line' id='line_1_27' title="bbox 240 3660 1228 3773; baseline -0.002 -32"><span class='ocrx_word' id='word_1_188' title='bbox 240 3660 254 3681; x_wconf 78' lang='grc'>”</span> <span class='ocrx_word' id='word_1_189' title='bbox 276 3666 302 3741; x_wconf 94' lang='grc'><strong>6</strong></span> <span class='ocrx_word' id='word_1_190' title='bbox 327 3668 383 3739; x_wconf 89' lang='lat' dir='ltr'><strong>Tu</strong></span> <span class='ocrx_word' id='word_1_191' title='bbox 408 3667 496 3740; x_wconf 92' lang='lat' dir='ltr'><strong>mihi</strong></span> <span class='ocrx_word' id='word_1_192' title='bbox 520 3668 565 3741; x_wconf 90' lang='lat' dir='ltr'><strong>de</strong></span> <span class='ocrx_word' id='word_1_193' title='bbox 591 3670 727 3744; x_wconf 89' lang='lat' dir='ltr'><strong>Caninii</strong></span> <span class='ocrx_word' id='word_1_194' title='bbox 751 3672 929 3769; x_wconf 83' lang='lat' dir='ltr'><strong>naufragio</strong></span> <span class='ocrx_word' id='word_1_195' title='bbox 955 3669 1054 3773; x_wconf 89' lang='lat' dir='ltr'><strong>quasi</strong></span> <span class='ocrx_word' id='word_1_196' title='bbox 1072 3666 1179 3741; x_wconf 91' lang='lat' dir='ltr'><strong>dubia</strong></span> <span class='ocrx_word' id='word_1_197' title='bbox 1197 3667 1228 3717; x_wconf 80' lang='lat'><strong>¹³</strong></span> 
     </span>
     <span class='ocr_line' id='line_1_28' title="bbox 226 3791 1125 3900; baseline 0 -34"><span class='ocrx_word' id='word_1_198' title='bbox 226 3792 357 3866; x_wconf 87' lang='lat' dir='ltr'><strong>misisti.</strong></span> <span class='ocrx_word' id='word_1_199' title='bbox 383 3791 520 3868; x_wconf 88' lang='lat' dir='ltr'><strong>Scribas</strong></span> <span class='ocrx_word' id='word_1_200' title='bbox 545 3795 650 3893; x_wconf 86' lang='lat' dir='ltr'><strong>igitur</strong></span> <span class='ocrx_word' id='word_1_201' title='bbox 664 3796 705 3897; x_wconf 67' lang='lat' dir='ltr'><strong>il,</strong></span> <span class='ocrx_word' id='word_1_202' title='bbox 730 3798 760 3870; x_wconf 92' lang='lat' dir='ltr'><strong>si</strong></span> <span class='ocrx_word' id='word_1_203' title='bbox 785 3796 871 3900; x_wconf 89' lang='lat' dir='ltr'><strong>quid</strong></span> <span class='ocrx_word' id='word_1_204' title='bbox 896 3796 963 3870; x_wconf 92' lang='lat' dir='ltr'><strong>erit</strong></span> <span class='ocrx_word' id='word_1_205' title='bbox 988 3794 1125 3869; x_wconf 87' lang='lat' dir='ltr'><strong>certius.</strong></span> 
     </span>
    </p>

    <p class='ocr_par' dir='ltr' id='par_1_8' title="bbox 275 3917 1228 4020">
     <span class='ocr_line' id='line_1_29' title="bbox 275 3917 1228 4020; baseline -0.002 -26"><span class='ocrx_word' id='word_1_206' title='bbox 275 3947 296 4018; x_wconf 93' lang='lat'>7</span> <span class='ocrx_word' id='word_1_207' title='bbox 323 3918 432 4013; x_wconf 87' lang='lat' dir='ltr'><strong>Quod</strong></span> <span class='ocrx_word' id='word_1_208' title='bbox 457 3945 513 3994; x_wconf 88' lang='lat' dir='ltr'><strong>me</strong></span> <span class='ocrx_word' id='word_1_209' title='bbox 539 3946 559 3994; x_wconf 91' lang='lat' dir='ltr'><strong>a</strong></span> <span class='ocrx_word' id='word_1_210' title='bbox 583 3923 756 3996; x_wconf 86' lang='lat' dir='ltr'><strong>moestitia</strong></span> <span class='ocrx_word' id='word_1_211' title='bbox 784 3948 934 4020; x_wconf 85' lang='lat' dir='ltr'><strong>avocas,</strong></span> <span class='ocrx_word' id='word_1_212' title='bbox 959 3920 1110 3996; x_wconf 87' lang='lat' dir='ltr'><strong>multum</strong></span> <span class='ocrx_word' id='word_1_213' title='bbox 1134 3917 1228 3996; x_wconf 86' lang='lat' dir='ltr'><strong>leva·</strong></span> 
     </span>
    </p>
   </div>
   <div class='ocr_carea' id='block_1_5' title="bbox 0 0 1328 4822">
    <p class='ocr_par' dir='ltr' id='par_1_9' title="bbox 0 0 1328 4822">
     <span class='ocr_line' id='line_1_30' title="bbox 0 0 1328 4822; baseline 0 4"><span class='ocrx_word' id='word_1_214' title='bbox 0 0 1328 4822; x_wconf 95' lang='lat' dir='ltr'><strong> </strong></span> 
     </span>
    </p>
   </div>
  </div>
 </body>
</html>
