2648 4822
169 414 212 484 18
489 427 660 476 nrrsrota
686 429 778 474 nxnt
941 425 970 474 s.
987 430 1017 473 v.
1038 430 1068 476 c.
1086 428 1134 491 ,oa

164 534 302 608 duobus
327 530 505 606 versiculis
528 555 722 630 expensum
746 528 882 602 Niciae:
908 528 995 601 alter
1010 532 1159 607 Aristar·

164 660 250 734 chus
274 661 340 733 hos
365 663 493 754 ὀβελίζει
511 678 535 729 7.
570 660 665 756 Ego,
699 670 877 756 tamquam
903 656 1043 729 criticus
1070 661 1159 731 anti·

163 813 252 889 quus
268 787 296 886 ⁸,
319 785 535 858 iudicaturus
560 810 658 881 sum,
692 795 809 854 utrum
843 782 914 854 sint
939 793 991 852 τεῦ
1017 796 1156 883 ramo,

163 939 208 985 an
232 915 523 1008 παρεμβεβλημένιι.
559 911 649 982 Puto
685 922 719 979 le
748 934 842 979 nunc
869 907 984 980 dicere
1001 926 1033 981 9:
1060 909 1158 982 Obli-

162 1049 263 1109 tusne
288 1062 325 1109 es
345 1053 372 1085 ¹⁰
398 1037 502 1133 igitur
534 1033 718 1132 fungorum
752 1033 907 1132 illorum,
941 1060 1028 1135 quos
1063 1035 1158 1135 apud

162 1162 320 1237 Niciaml
334 1179 361 1213 ¹¹
389 1176 424 1234 et
449 1163 642 1258 ingentium
668 1160 863 1233 culinarum
880 1176 909 1210 ¹²
928 1186 1008 1232 cum
1026 1161 1157 1262 Sophia

162 1289 371 1391 Septimiael
390 1290 419 1338 ¹³
445 1287 541 1381 Quid
555 1280 671 1386 'ergol
697 1301 734 1359 tu
760 1287 850 1359 adeo
876 1286 961 1358 mihi
981 1286 1011 1352 ¹4
1042 1314 1159 1361 excus-

161 1443 236 1490 sam
273 1417 493 1490 severitatem
519 1429 673 1488 veterem
709 1428 836 1513 putes,
872 1427 914 1484 ut
950 1439 995 1484 ne
1019 1414 1057 1484 in
1081 1414 1158 1487 foro

162 1542 303 1644 quidem
338 1540 501 1641 reliquiae
533 1540 700 1639 pristinae
733 1539 857 1611 frontis
877 1540 907 1588 ¹⁵
940 1539 1159 1638 appareantl

162 1666 232 1739 Sed
250 1681 365 1738 tumen
391 1667 634 1738 suavissimum
651 1668 826 1757 συμβιώτην
843 1678 1001 1737 nostrum
1017 1668 1047 1718 ¹⁶
1064 1692 1159 1766 prae·

161 1792 504 1893 staboxintegellnm3
537 1818 604 1864 nec
639 1793 916 1890 comminatae,
948 1805 1001 1889 ut,
1037 1791 1068 1863 si
1093 1817 1157 1890 ego

162 1943 242 1992 eum
268 1918 505 1993 condemnaro
517 1975 528 2017 ‚
554 1931 591 1992 tu
617 1918 795 2017 restituas,
828 1943 873 1989 ne
898 1915 1027 1991 habeat
1050 1918 1157 1992 Bursa

160 2043 334 2144 Plancus,
371 2045 467 2146 apud
499 2070 603 2147 quem
635 2044 752 2117 literas
777 2044 890 2117 discat
909 2045 949 2114 ¹⁸.
980 2043 1048 2115 Sed
1076 2042 1158 2146 quid

162 2169 254 2268 agol
287 2173 406 2263 Quum
438 2169 525 2242 mihi
556 2172 603 2243 sit
634 2172 824 2268 incertum,
856 2169 1088 2271 tranquillone
1114 2171 1158 2244 sis

160 2297 301 2396 anim0‚
339 2323 398 2395 an,
430 2311 470 2369 ut
500 2298 537 2368 in
569 2296 663 2369 hello
684 2312 724 2394 ¹9,
756 2298 793 2367 in
826 2295 940 2396 aliqua
970 2294 1157 2368 maiuscula

160 2448 242 2495 cura
275 2425 460 2523 negotiove
493 2448 646 2522 versere,
681 2421 782 2495 labor
798 2438 828 2470 ²⁰
854 2421 1001 2520 longius.
1039 2424 1156 2512 Quum

159 2548 263 2645 igitur
287 2549 372 2620 mihi
398 2551 463 2621 erit
488 2549 730 2648 exploratum,
762 2562 797 2620 te
835 2546 984 2619 libenter
1012 2573 1087 2619 esse
1112 2549 1156 2619 ri·

159 2698 298 2770 surum,
336 2673 486 2745 scribam
523 2672 569 2744 ad
601 2687 635 2744 te
669 2673 837 2773 pluribus.
863 2674 915 2745 Te
945 2687 1063 2745 tamen
1088 2672 1155 2746 hoc

160 2797 247 2868 scire
272 2795 376 2895 volo,
400 2795 626 2869 vehementer
651 2797 820 2897 populum
853 2797 1026 2871 solicitum
1054 2797 1154 2870 fuisse

160 2918 205 2992 de
229 2921 268 2992 P.
293 2920 407 2994 Sullae
432 2935 545 2995 morte
558 2937 601 3022 ²¹,
618 2935 699 2995 ante
717 2949 822 3024 quam
840 2938 973 2996 eertum
990 2924 1153 2996 scierit²¹.

159 3044 262 3120 Nunc
289 3074 452 3148 quaerere
478 3049 668 3149 desierunt,
685 3050 864 3151 quomodo
890 3049 1039 3149 perierit.
1065 3047 1153 3121 Satis

159 3186 304 3271 putant,
338 3201 375 3247 se
412 3177 522 3275 scire,
556 3177 653 3279 quod
678 3178 800 3248 sciunt.
825 3178 902 3274 Ego
929 3177 1107 3276 ceteroqui
1124 3175 1153 3223 ²³

159 3303 277 3376 animo
303 3328 414 3403 aequo
441 3303 532 3401 ler03
563 3329 673 3376 unum
699 3329 841 3401 vereor,
872 3301 1041 3374 nehesta
1068 3303 1153 3374 Cae·

158 3429 242 3501 saris
268 3428 436 3504 refrixerit
453 3430 493 3500 ²4.
