2648 4822
285 460 972 612 ANNOTATIONES
1079 460 1104 553 ,ss

433 740 479 799 vv
520 738 832 801 nrrsronss
1037 682 1149 799 Ἦ]
1262 812 1267 821 ⁴

333 939 410 994 Qvss
430 939 458 980 ΙΝ
480 939 537 980 HOC
560 939 709 983 vaurum
730 939 930 982 coartatam
1022 992 1025 999 γ
1105 1004 1108 1011 Ι

587 1143 687 1160 ..ο-

570 1407 694 1471 van.

135 1615 147 1657 ι
170 1527 297 1661 Auos
316 1593 445 1656 Manlim
466 1591 654 1677 Torquatus,
674 1598 727 1677 qui
747 1606 869 1679 praetor
887 1598 922 1659 A.
936 1597 975 1662 V.
989 1597 1023 1660 C.
1043 1597 1139 1662 nccl

169 1702 239 1784 fuit,
260 1723 412 1784 quemque
426 1701 581 1764 laudatum
596 1702 723 1764 vidimus
738 1725 784 1786 ep.
799 1705 932 1785 CLXIV,
946 1707 980 1786 4,
994 1707 1140 1790 Pompeio

169 1811 200 1869 in
221 1812 284 1869 acie
303 1809 475 1871 Pharsalica
495 1809 633 1890 devicto,
656 1813 747 1871 ouius
767 1822 867 1893 portes
888 1824 1007 1874 secutus
1027 1814 1141 1897 fuerat,

172 1915 296 1977 Athenis
316 1915 479 1978 exsulabat.

131 2041 149 2080 s
171 2023 225 2081 los.
247 2022 284 2084 V.
307 2022 440 2084 Clericus
459 2042 554 2104 quam
574 2023 625 2082 ubi
643 2036 702 2096 cst,·
726 2019 845 2086 secutus
866 2025 972 2086 Poiatt.
993 2038 1098 2109 quart·
1112 2040 1143 2089 et

174 2131 267 2209 quint.
371 2166 373 2171 ·
511 2187 512 2190 ,

132 2232 153 2293 3
173 2235 222 2294 Sic
244 2257 289 2317 ep.
310 2237 456 2316 DXXVI,
472 2257 495 2296 t:
510 2221 647 2299 acerbius
666 2251 710 2296 est
729 2235 841 2310 videre,
862 2257 957 2320 quam
975 2237 1089 2300 audtoe.
1106 2239 1142 2300 Id

171 2338 268 2424 ipsum
291 2344 352 2401 aliis
374 2343 470 2403 verbis
485 2364 551 2424 epp.
568 2344 1015 2426 cnnxlxexn.‚anx111,
1033 2366 1044 2404 1
1062 2346 1141 2406 med.

172 2461 201 2510 et
215 2450 336 2508 DCLlll
351 2451 411 2509 init
426 2449 501 2510 Sed:
516 2449 636 2529 amtor,
648 2471 691 2510 aa
704 2448 803 2511 videat
814 2449 890 2510 nitri!
905 2453 1053 2524 interesse,
1067 2450 1143 2515 dixit

174 2578 219 2638 ep.
243 2556 407 2618 CCCXXV
428 2555 576 2617 circatio.
598 2558 694 2617 Immo
714 2560 834 2616 aurium
856 2577 974 2639 sensuro
991 2555 1066 2638 ,plus
1086 2557 1144 2618 do·

172 2663 242 2722 loris
263 2664 387 2741 afferre,
408 2684 501 2744 quom
522 2663 694 2742 oculorum,
708 2662 784 2723 dixit
796 2684 887 2745 supra
907 2640 1144 2725 ad'Marceltum

173 2791 218 2851 ep.
241 2770 437 2852 CDLXVIII,
460 2783 495 2832 ut
513 2774 573 2831 iarn
587 2770 661 2831 vidit
673 2771 828 2831 Graevius.
844 2770 980 2831 Oratoris
997 2770 1057 2831 hoc
1070 2788 1144 2849 esse,

172 2876 285 2937 eisdem
305 2877 412 2960 rebus,
437 2881 460 2937 si
486 2899 534 2939 res
560 2878 710 2959 postulet,
730 2877 778 2939 vel
799 2878 951 2938 contrariis
974 2873 1037 2960 uti,
1063 2876 1144 2939 idem

174 2985 321 3045 Graevius
341 2985 502 3047 adnotavit.

133 3091 154 3165 4
174 3090 286 3151 Tribus
305 3092 402 3152 modis
429 3093 488 3153 hoo
514 3092 640 3154 verbum
670 3091 710 3152 ad
737 3091 874 3153 eamdem
896 3094 1073 3153 sententiam
1093 3112 1144 3152 ac·

175 3198 398 3259 commodatur:
421 3201 535 3280 agitare
554 3202 657 3260 animo
679 3202 752 3282 (pro
773 3200 899 3260 Fonteio
918 3220 945 3258 c.
967 3197 1015 3276 6);
1029 3200 1144 3277 agitare

173 3307 204 3364 in
224 3319 316 3366 nsevue
338 3308 404 3382 (De
430 3307 495 3366 Nat
522 3309 611 3368 Deor.
640 3307 668 3384 1,
689 3307 770 3386 41)3
792 3317 823 3366 et
841 3308 955 3385 agitare
975 3303 1146 3384 simpliciter

174 3416 222 3491 (in
236 3414 323 3473 Vera.
345 3413 553 3501 lib.111,96).
575 3412 689 3473 Manat
711 3413 834 3491 Agiture
853 3413 886 3471 in
904 3411 1006 3470 animo
1028 3420 1058 3469 et
1078 3430 1146 3470 cuns

174 3523 289 3602 amato,
304 3523 375 3581 item
389 3522 503 3602 agitare
517 3532 610 3580 meme
626 3540 683 3600 pro
703 3519 892 3582 considerare
913 3518 1042 3599 reperies
1063 3515 1146 3599 apud

176 3624 272 3684 bonos
293 3630 458 3709 scriptores.

136 3730 155 3790 5
177 3731 209 3790 C.
232 3731 286 3791 lul.
309 3732 425 3794 Caesar.
451 3733 578 3796 Conad.

136 3838 157 3899 6
176 3837 344 3917 Augurium
366 3839 514 3901 Ciceronis
541 3840 624 3900 brevi
647 3839 780 3900 Caesaris
807 3841 943 3900 interitus
964 3833 1146 3917 comproba-

172 3946 222 4002 vit
251 3944 365 4004 Μαηιιι.
392 3947 521 4029 Respicit
549 3951 696 4007 incertum
722 3947 792 4008 belli
823 3946 1039 4027 Hispaniensis,
1064 3941 1146 4021 quod

176 4062 247 4109 tunc
269 4051 444 4134 gerebatur,
466 4058 588 4121 exitum.
609 4056 725 4115 Sciaiitz.
