2648 4822
188 411 260 486 512
553 430 826 484 eunomium

191 559 226 600 ro
248 535 385 617 intelligit
406 534 607 596 Caesarianos.
629 535 744 596 Ernest.

190 664 223 706 tt
247 645 332 705 Bono
346 644 454 722 modo,
475 643 635 704 commoda
649 643 885 725 aliquantium.
905 640 965 703 Ed.
981 641 1056 704 Aldi
1076 654 1209 729 ιιηηῡς,

226 751 333 813 anb.
354 761 496 835 εὐλαβῶς,
515 773 584 811 cum
595 750 764 832 facilr'iote5
785 749 891 810 Bosius
908 760 1071 833 εὐαγόγος.

190 880 226 921 tn
246 862 313 921 Non
332 870 432 942 potest
448 860 534 919 aliter
547 857 685 940 intelligi,
705 878 797 940 quum
810 856 850 918 de
863 856 924 917 filio
939 858 1115 942 deperdito„
1137 861 1208 922 Mox

223 966 341 1048 gaudeo
355 969 521 1027 necessario
534 965 592 1026 fuit
605 965 822 1048 supplendum,
836 975 868 1026 et
880 967 941 1025 inm
955 965 1123 1029 Schsstzius
1137 989 1207 1053 sup-

226 1076 325 1158 plevit
348 1076 424 1135 Ante
450 1072 623 1134 Schiitzium
652 1072 700 1135 ed.
724 1073 780 1133 Ro.
804 1093 899 1156 quom
920 1071 1058 1135 delector
1079 1076 1205 1150 habeb,

225 1186 281 1267 qni
293 1197 375 1253 utam·
397 1180 561 1242 Lambinus
573 1200 667 1262 quam
680 1179 802 1262 habere,
821 1181 876 1265 qui
895 1182 1103 1264 utar,1aetor.
1125 1184 1205 1244 Tum

224 1292 291 1374 qui,
306 1301 390 1351 sexto
405 1310 489 1372 casu,
503 1309 559 1372 pro
571 1310 651 1372 quo‚·
666 1298 697 1349 et
709 1307 769 1372 quo
783 1301 852 1348 utar
863 1298 925 1367 est,
940 1287 1025 1351 unde
1040 1293 1204 1353 sustineam

225 1409 349 1459 sumtus
372 1398 450 1458 Vide
471 1397 605 1458 Gronov.
627 1395 666 1458 de
686 1417 750 1480 pec.
771 1406 829 1457 vet
852 1396 896 1477 11,
917 1417 946 1477 7.
983 1472 992 1489 ·

189 1508 224 1569 13
246 1507 284 1566 u.
306 1530 331 1567 e.
352 1526 455 1566 omnes
471 1485 627 1566 nennio
647 1506 692 1566 uu
712 1506 887 1565 munnam.

189 1615 226 1691 ¹4
246 1613 418 1675 Tunstallus
438 1623 520 1674 recte
546 1614 683 1674 coniiecit
702 1611 796 1672 verbe
812 1630 938 1695 persecu
960 1644 1000 1657 -
1020 1611 1149 1696 loquere
1168 1636 1204 1677 ex

224 1720 325 1803 aliquo
344 1725 435 1802 potita
461 1722 575 1780 comico
602 1719 740 1780 desumto
767 1739 847 1801 esse3
873 1738 930 1778 nec
956 1717 1069 1781 dubito
1095 1743 1203 1783 verum

225 1847 304 1908 csse,
330 1824 413 1908 quod
439 1826 577 1887 Ernestio
604 1829 635 1888 in
663 1836 794 1887 mentem
819 1827 913 1902 venit,
939 1823 1091 1888 Soecvnm
1119 1828 1203 1891 illum

224 1937 322 2018 ipsum
351 1954 510 2017 personum
541 1936 686 1994 cornicem
719 1932 816 1994 fuisse.
848 1932 966 1993 sctum
993 1932 1054 1994 Ed.
1087 1936 1148 1998 Ro.
1174 1949 1203 2000 et

222 2041 330 2102 Lnrnb.
351 2043 511 2125 compelle,
531 2043 659 2125 loquere.

187 2149 224 2211 15
243 2150 338 2230 Quod
358 2152 412 2233 ipsi
432 2160 540 2232 putent
559 2148 615 2210 sibi
636 2147 757 2228 deberi,
776 2168 902 2230 nempe,
922 2158 958 2208 ut
977 2160 1101 2231 partem
1115 2154 1200 2214 sortis

223 2258 293 2342 (det
310 2260 456 2342 capitale)
477 2260 606 2320 retinere
626 2257 722 2319 licent.
744 2256 772 2317 I.
793 2257 830 2317 F.
853 2255 985 2317 Gronov.

186 2366 227 2429 16
245 2365 355 2428 Dedin
369 2377 501 2443 tantum,
515 2385 577 2447 quo
595 2364 636 2426 illi
650 2363 691 2425 ed
703 2363 883 2426 solutionem
896 2363 1037 2447 compelli
1051 2365 1199 2451 debeant,

221 2474 336 2554 videto,
356 2493 417 2535 non
438 2472 477 2535 de
497 2474 672 2535 retentione.

617 2711 755 2774 DCXVI.

185 2921 196 2958 r
221 2898 470 2960 subaudiendum
484 2902 613 2982 scripsit,
626 2898 673 2961 vel
688 2901 736 2959 nit.
752 2898 917 2979 Hervagius
932 2909 963 2959 et
978 2902 1100 2962 discen:
1117 2903 1197 2964 Hor·

221 3028 357 3086 mogcnco
376 3007 452 3067 mihi
469 3010 573 3088 garrit.

181 3134 199 3174 2
220 3114 340 3196 Meum3
362 3134 409 3195 ep.
430 3115 501 3195 DL,
524 3134 542 3174 n
564 3125 595 3175 et
614 3113 745 3193 DXLH,
767 3134 795 3173 2.

180 3221 199 3281 3
220 3221 264 3280 Ne
283 3219 465 3282 Andromeni
486 3221 610 3303 quidem
631 3220 715 3282 dedit
734 3218 813 3280 filius
834 3239 932 3303 meus,
955 3232 988 3280 ut
1010 3222 1050 3281 od
1074 3245 1124 3284 me
1145 3224 1198 3286 de-

219 3325 331 3388 ferret?
911 3335 914 3338 ’

177 3435 435 3512 4Μευιὸναπαες
460 3436 570 3497 scilicet
599 3435 668 3496 libri
699 3445 831 3516 quatuor
856 3432 948 3494 deod.
979 3439 1196 3515 quaestionum

218 3543 281 3625 (op.
302 3543 414 3626 Dexi,
436 3545 484 3626 3),
506 3547 546 3604 sio
567 3542 651 3624 dicti,
671 3541 755 3623 quod
769 3545 799 3601 in
812 3541 995 3602 membranis
1010 3546 1069 3604 sint
1082 3549 1194 3630 scripti.

176 3650 197 3713 5
218 3652 328 3713 Confer
348 3674 394 3736 ep.
414 3654 588 3730 Dcxvul,
609 3652 627 3711 3
650 3663 679 3711 ct
699 3661 761 3710 not.
783 3670 801 3709 2
824 3650 965 3732 epistolae
984 3652 1099 3714 DCXI.

176 3757 198 3819 6
217 3760 261 3819 Ne
282 3761 411 3823 Varroni
431 3760 610 3825 Academica
630 3757 841 3842 probarentur.

178 3888 195 3944 7
218 3868 351 3948 Scilicet,
372 3871 505 3950 domni03
527 3870 615 3950 idest,
635 3867 722 3949 pinne
743 3886 866 3926 securus
887 3888 962 3926 snm.
983 3867 1108 3930 Srlric'tz.
1131 3872 1194 3932 rid·

147 4021 179 4056 ...¹
219 3975 279 4035 didi
300 3999 351 4055 rgo
373 4000 411 4040 ex
432 3980 602 4040 coniectura
623 3973 775 4053 Lambini,
797 3983 830 4035 ut
850 3976 999 4056 oppositio
1021 3990 1150 4039 constet.
