2648 4822
257 386 327 477 144
586 399 754 448 srrsroua
782 399 908 447 uurrn.
1032 399 1063 449 a.
1079 403 1110 450 v.
1128 403 1159 450 o.
1178 402 1225 469 ,ορ

252 534 329 582 esse
355 502 509 608 potuisse
536 504 604 577 tuis
627 501 736 577 literis
756 502 900 600 ¹gratius.
917 500 975 577 Ad
991 503 1250 583 consolandum

252 649 369 707 autem
396 658 504 734 quum
528 629 586 702 illa
612 628 747 726 valent,
779 654 868 729 quae
893 627 1069 727 eleganter
1093 633 1251 732 copiose-

252 788 319 863 que
345 759 531 857 collegisti,
557 771 631 829 tum
657 755 744 827 nihil
771 755 849 855 plus
857 812 867 853 7
893 783 997 855 quam
1024 758 1121 858 quod
1147 761 1250 832 lirini-

251 887 410 981 tudipem
437 885 712 983 gravitatemque
738 883 843 967 animi
871 883 921 953 tui
947 886 1124 982 perspexi:
1145 913 1250 986 quam

249 1040 323 1089 nou
341 1013 468 1086 imitari
486 1011 725 1110 turpissimum
744 1010 912 1082 existimo.
924 1010 1047 1111 Itaque
1060 1009 1130 1083 huc
1143 1014 1249 1085 etiam

248 1139 428 1213 fortiorem
455 1164 511 1211 me
536 1150 642 1237 puto,
659 1161 765 1236 quam
783 1149 817 1209 te
834 1136 1249 1237 ipsum,-praeceptorem

250 1266 480 1363 fortitudinis3
499 1263 594 1365 quod
612 1276 649 1334 tu
666 1262 754 1334 mihi
774 1261 894 1335 ridere
919 1288 1019 1362 spem
1043 1264 1249 1337 nonnullam

248 1391 395 1490 habere,
411 1391 498 1463 haec
517 1389 705 1491 aliquando
721 1388 837 1461 futura
857 1387 1009 1462 meliora.
1027 1390 1138 1462 Casus
1156 1393 1248 1463 cuim

250 1504 446 1616 gladiatorii
461 1521 487 1615 ⁶,
504 1510 816 1614 similitudinesque
840 1522 918 1613 θεὲ,-
941 1528 1029 1587 tum·
1040 1517 1196 1590 rationes
1213 1520 1248 1590 in

247 1643 553 1743 ea„disputatioue
579 1667 599 1716 a
625 1655 660 1713 te
686 1634 870 1740 collectae,
895 1640 1088 1735 uetabantr
1117 1670 1173 1715 me
1199 1645 1248 1716 rei

247 1769 409 1870 publicae
435 1770 576 1870 penitus
603 1766 767 1841 diffidere.
799 1758 924 1868 Itaque
959 1766 1106 1865 alterum
1135 1771 1247 1842 minus

208 1966 217 1981 ,
247 1897 397 1994 mirum,
421 1894 601 1969 fortiorem
628 1909 661 1967 te
687 1919 778 1992 csse,
802 1921 911 1997 quum
936 1893 1068 1997 aliquid
1092 1922 1212 1997 speres
1223 1900 1246 1968 ⁸:

247 2021 397 2095 ultorum
422 2022 573 2119 mirum,
610 2048 672 2120 spe
710 2019 779 2092 ulla
806 2022 926 2093 teneri.
956 2021 1052 2113 Quid
1077 2037 1132 2097 est
1155 2027 1245 2097 euim

246 2170 320 2221 nou
345 2150 393 2219 ita
421 2148 602 2246 affectum,
620 2163 661 2219 ut
686 2148 723 2219 id
747 2172 831 2220 uon.
847 2147 1000 2221 deletum
1024 2151 1246 2231 exstinctum·

247 2300 315 2379 que
341 2301 416 2348 esse
441 2273 589 2349 fateare?
613 2276 854 2375 Circumspice
879 2274 998 2348 omnia
1022 2276 1181 2349 membra
1198 2279 1247 2350 rei

239 2388 424 2507 publicae,
450 2429 539 2504 quac
565 2403 745 2475 notissima
772 2414 854 2474 sunt
879 2401 963 2473 tibi:
989 2401 1125 2474 nullum
1152 2430 1245 2503 repe

246 2506 314 2602 ries
339 2528 628 2630 pr·0lec10‚quod
653 2555 726 2601 nou
746 2528 891 2600 fractum
910 2526 1175 2616 debilitatumve
1192 2532 1243 2602 sit.

235 2657 346 2746 Quae
364 2681 608 2754 persequerer,
625 2657 652 2727 si
674 2668 734 2726 aut
751 2654 872 2727 melius
893 2681 933 2728 ea
952 2654 1123 2753 viderem,
1141 2683 1243 2767 quam

233 2793 285 2855 :tu
312 2781 428 2878 vides,
454 2795 515 2852 aut
540 2806 814 2854 commemorare
839 2808 977 2881 possem
1007 2772 1244 2885 sin'e'dolore:

246 2930 458 3005 quamquam
483 2907 551 2977 tuis
578 2909 719 2981 monitis
751 2913 1017 3008 praeceptisque
1050 2911 1164 2987 ouruis
1193 2923 1244 2981 est

246 3029 460 3104 alliciendus
487 3032 596 3105 dolor.
630 3036 726 3132 Ergo
763 3049 799 3106 et
829 3034 1021 3107 domesticu
1054 3035 1203 3109 feremus
1219 3053 1245 3133 9,

246 3170 286 3228 ut
312 3183 449 3256 censes5
474 3173 510 3230 et
535 3138 675 3259 publica
702 3158 821 3259 paullo
847 3158 1100 3259 etium·fortius
1128 3163 1244 3233 sortus-

246 3310 304 3381 se,
333 3311 438 3385 quam
466 3285 622 3385 tuipse,
657 3286 716 3385 qui
750 3287 933 3386 praecipis.
958 3287 1011 3358 Te
1046 3268 1138 3358 enirn
1166 3312 1243 3387 spes

227 3408 357 3510 :aliqua
385 3408 608 3511 consolatur,
644 3426 682 3487 ut
707 3412 852 3512 scribis5
883 3438 949 3486 nos
976 3429 1091 3486 autem
1118 3416 1243 3486 erimus

243 3535 350 3607 etiam
365 3537 411 3609 iu
438 3538 594 3609 onmium
621 3538 864 3638 desperatione
878 3556 908 3599 ·¹⁰
934 3539 1057 3643 fortes
1081 3539 1121 3612 ut
1142 3555 1179 3612 tu
1198 3554 1244 3611 ta-

242 3684 323 3732 men
348 3661 443 3735 idem
468 3677 503 3735 et
528 3662 679 3738 hortaris
706 3680 749 3738 et·
758 3668 941 3766 praecipis.
957 3669 1030 3741 Das
1048 3669 1141 3741 euim
1160 3667 1243 3739 milri

242 3787 413 3859 iucundas
446 3788 706 3865 recordationes
740 3794 974 3867 conscientiae
1004 3808 1169 3892 nostrae,
1193 3819 1243 3867 re·

243 3940 388 4015 rumque
414 3941 684 4018 earu111‚quas,
711 3934 746 3992 te
772 3921 810 3992 in
836 3920 957 4019 primis
983 3936 1146 4020 auctore,
1172 3944 1242 4018 ges·
