2648 4822
304 369 390 467 ς320
550 412 722 460 nrisroni
747 414 886 485 ncxxu,
912 413 1058 460 ncxxui.
1102 410 1134 459 n.
1147 412 1181 461 v.
1197 412 1227 461 c.
1243 410 1287 474 ior

317 518 499 618 opprimar
512 518 536 587 ⁸.
563 517 605 587 In
632 515 735 590 turba
760 515 848 588 haec
874 528 992 589 esseni
1011 513 1175 588 faciliora.
1193 515 1312 589 Vtrum

315 643 420 741 igitur
453 624 621 715 Asturae?
661 640 775 738 Quid,
808 643 837 715 si
869 643 999 717 Caesar
1031 639 1208 715 subitois
1232 642 1311 721 luva

314 793 392 869 me,
418 792 569 869 quaeso,
603 765 771 842 consilio:
806 780 885 841 utar
911 793 976 866 eo,
1010 765 1105 869 quod
1135 778 1174 841 tu
1198 765 1309 842 decre·

317 921 416 970 vens.

722 1020 927 1097 DCXXIII.
1031 1061 1088 1120 (nn
1104 1060 1155 1109 su.
1168 1058 1290 1120 rium)

314 1203 535 1277 Argnmrntnm.
561 1221 570 1259 r
597 1200 644 1258 lie
675 1202 775 1280 impiis
806 1200 844 1276 Q.
872 1199 927 1259 liiii
956 1199 1069 1273 literis3
1096 1219 1114 1257 n
1141 1198 1265 1257 Romam
1283 1214 1311 1255 ee

312 1326 316 1333 ·
355 1318 532 1377 venturum,
565 1305 615 1364 sed
650 1308 797 1379 invilum3
826 1307 844 1364 3
876 1304 1054 1366 Dicaearchi
1085 1305 1200 1386 aliquot
1225 1301 1309 1364 libror

355 1415 460 1492 poscil.

406 1616 459 1668 Scr.
479 1618 505 1668 in
523 1617 545 1667 T
548 1618 670 1668 uscnlnno
689 1622 717 1669 Δ.
737 1617 770 1668 V.
789 1617 817 1669 C
838 1616 1047 1686 nccv1u,vl
1067 1615 1105 1670 ld.
1121 1614 1235 1671 senile.

629 1813 776 1880 CICERO
800 1816 953 1882 ATTICO
978 1816 1009 1880 S.

369 2056 382 2102 1
414 2029 447 2102 0
473 2026 714 2102 incredibilem
740 2029 949 2105 vanitatem!
974 2030 1021 2105 sd
1040 2042 1192 2131 patrem,
1210 2028 1307 2104 domn

314 2153 382 2228 sibi
417 2155 608 2229 carendum
647 2169 795 2255 propter
827 2172 999 2232 matrem:
1032 2155 1137 2259 plena
1168 2155 1307 2258 pietatis.

312 2280 381 2355 Hic
407 2296 524 2355 autem
549 2283 620 2354 inm
645 2279 857 2383 languescit,
883 2299 919 2357 et
945 2285 1010 2382 nit,
1031 2283 1097 2356 sibi
1122 2282 1220 2355 illurn
1241 2282 1309 2352 inre

311 2407 440 2481 iratum
460 2425 481 2480 ¹.
510 2407 580 2481 Sed
604 2422 683 2481 utar
710 2422 773 2483 tuo
800 2409 959 2484 consilio.
999 2412 1110 2478 Σκιλιά
1135 2410 1228 2481 enim
1250 2403 1309 2480 tibi

312 2533 416 2608 video
443 2533 589 2634 placere.

362 2687 384 2732 2
403 2661 568 2759 Romam,
585 2676 625 2732 ut
642 2646 776 2761 censes,
798 2665 947 2762 veniam,
964 2661 1027 2735 sed
1045 2662 1183 2735 invitus.
1202 2655 1309 2731 Valde

312 2786 405 2858 euim
432 2789 468 2858 in
494 2787 681 2861 scribendo
708 2789 836 2863 haereo
856 2807 878 2861 ².
905 2794 1077 2887 Brutum,
1101 2788 1233 2889 inquis,
1257 2809 1309 2856 ea·

312 2908 426 2983 dem³
453 2911 594 2984 scilicet„
621 2913 690 2985 Sed
716 2916 785 2987 uisi
811 2917 911 2990 hoel
940 2931 1047 3014 esset,
1080 2941 1135 2988 res
1169 2913 1307 2986 meista

310 3058 385 3106 non
411 3054 559 3133 cogeret.
586 3039 659 3113 Nec
686 3042 780 3114 enim
807 3044 889 3115 inde
917 3046 1030 3141 venit,
1056 3040 1149 3114 unde
1166 3036 1307 3132 mallem,

311 3183 424 3259 neque
459 3160 517 3232 diu
552 3164 637 3238 afuit
655 3169 685 3263 ⁶5
723 3193 836 3268 neque
871 3169 976 3242 ullam
1010 3168 1146 3242 literam
1179 3163 1309 3237 adme.

311 3282 381 3356 Sed
420 3299 537 3359 tamen
575 3293 663 3362 scire
702 3319 808 3392 aveo,
846 3296 957 3396 qualis
993 3297 1023 3367 ei
1052 3295 1157 3366 totius
1183 3288 1309 3363 itineris

310 3435 446 3484 summa
472 3413 583 3486 fuerit.

362 3535 383 3607 3
410 3536 536 3612 Libros
562 3540 664 3641 mihi,
691 3544 735 3615 de
762 3547 888 3646 quibus
916 3547 961 3619 nd
983 3563 1016 3618 te
1035 3560 1135 3618 antea
1153 3541 1274 3642 scripsi
1286 3541 1311 3635 ⁶,

311 3656 416 3732 velim
442 3665 577 3764 mlilaS,
603 3683 638 3741 et
664 3673 812 3744 maxime
841 3675 975 3769 Φαίδρου
1002 3682 1163 3767 περισσῶν.
1184 3681 1220 3742 et
1245 3669 1310 3735 ‘El-

312 3788 401 3866 iiix
422 3807 444 3857 7.

116 4406 335 4544 Α
