2648 4822
177 433 219 524 ¹l
522 448 693 498 amaon
719 451 830 498 oxvn.
951 450 981 497 Α.
1002 453 1033 497 v.
1052 454 1079 499 c.
1100 454 1147 513 7⁰⁸

171 581 310 654 semper
334 556 436 628 unice
462 552 635 649 dilexisti3
670 554 729 653 qui
764 567 798 624 te
829 553 986 653 profecto
1013 570 1051 628 et
1074 557 1173 630 beni-

171 679 324 755 volentia
351 695 386 753 et
410 680 581 781 sapientia
608 680 817 753 consolatur.
844 682 950 755 Cuius
971 684 1001 755 si
1018 709 1172 758 essemus

170 809 476 881 etauctoritatem
502 823 537 880 et
563 807 746 880 consilium
772 810 900 905 secuti,
918 811 1028 907 togati
1053 813 1172 909 potius

168 937 381 1034 potentiam,
407 962 512 1037 quam
537 936 661 1007 armati
679 950 708 984 ²¹
737 936 923 1008 victoriam
950 935 1171 1010 subissemos.

169 1061 239 1134 Sed
265 1063 351 1136 haec
377 1062 534 1160 longiora
559 1062 705 1135 sortasse
731 1061 1171 1166 suerunt,quam11ecesse

171 1189 250 1263 fuit:
286 1189 360 1287 illa,
394 1215 482 1291 quae
519 1190 653 1263 maiora
686 1203 783 1286 sunt,
816 1188 956 1261 brevius
986 1216 1170 1288 exponam.

165 1317 243 1414 Ego
268 1315 401 1415 habeo,
427 1317 481 1388 cui
508 1315 603 1415 plus,
630 1340 735 1417 quam
761 1314 841 1414 tibi,
868 1314 1034 1414 debeam,
1061 1319 1170 1390 nemi·

165 1467 256 1513 nem.
283 1442 418 1531 Quibus
444 1454 586 1514 tantum
620 1441 814 1539 debebam,
848 1456 1018 1543 quantum
1042 1456 1090 1513 tu
1117 1444 1170 1513 in-

166 1566 310 1667 telligis,
347 1592 406 1639 eos
444 1567 530 1639 mihi
561 1566 666 1639 huius
698 1567 778 1639 belli
809 1594 907 1641 casus
934 1568 1070 1666 eripuit.
1099 1569 1170 1660 Qui

165 1693 232 1764 sim
258 1707 374 1766 autem
399 1691 468 1765 hoc
494 1708 671 1795 tempore,
686 1690 851 1790 intelligo.
871 1691 940 1765 Sed
959 1693 1040 1792 quia
1064 1719 1171 1765 nemo

164 1833 218 1891 est
244 1833 316 1891 tam
342 1817 507 1918 afflictus,
533 1821 610 1920 qui,
635 1820 666 1892 si
691 1818 778 1891 nihil
805 1818 898 1890 aliud
925 1819 1082 1917 studeat,
1103 1821 1168 1891 nisi

163 1944 201 2016 id
227 1943 323 2046 quod
349 1946 436 2044 agit,
469 1971 543 2018 non
576 1948 687 2045 possit
720 1971 848 2019 navare
875 1945 1007 2046 aliquid
1033 1960 1069 2017 et
1095 1926 1167 2017 effi-

164 2097 262 2169 cere5
288 2097 392 2144 omne
418 2099 534 2144 meum
571 2072 776 2172 consilium,
812 2099 979 2172 operam,
1012 2071 1166 2147 studium

55 2283 61 2289 ,
163 2210 257 2269 certe
282 2197 387 2272 velim
414 2200 588 2271 existimes
615 2199 693 2295 tibi,
712 2200 849 2300 tuisque
867 2198 983 2270 liberis
1008 2225 1082 2270 esse
1110 2196 1165 2270 de

164 2319 275 2396 bitum
294 2340 334 2397 ²².

576 2580 745 2652 DXVlll.
881 2625 890 2676 (
900 2623 934 2664 M
950 2621 1002 2664 υ..
1019 2621 1073 2679 xv,
1091 2623 1138 2675 n)

158 2758 380 2834 Aegmnentum.
401 2756 555 2835 Epistolae
576 2753 755 2814 brevitatem
770 2767 902 2829 excusat3
917 2758 1069 2816 tristitiam
1086 2767 1160 2816 tem-

197 2862 560 2944 p01·umuceusat;nibil
582 2883 616 2921 ex
639 2862 783 2943 Hispania
805 2861 905 2922 afferri
927 2863 1083 2944 significat.

416 3068 468 3120 Ser.
492 3068 587 3124 llomne
605 3071 634 3121 A.
652 3066 685 3120 V.
703 3068 732 3119 C.
752 3067 895 3121 uccvnt.
964 3073 991 3132 g}

317 3270 359 3333 lll.
384 3271 420 3333 ’1.
445 3269 591 3363 ClCEllO
616 3270 650 3331 C.
676 3270 815 3335 CASSIO
840 3270 871 3332 S.
896 3269 928 3331 P.
957 3269 993 3332 1).

200 3459 356 3560 Longior
379 3458 528 3560 epistola
553 3457 695 3557 fixisset,
727 3458 795 3531 nisi
821 3483 864 3532 eo
891 3460 969 3558 ipso
996 3471 1155 3559 tempore

151 3587 262 3693 petita
288 3599 379 3659 esset
404 3613 425 3658 a
451 3611 524 3684 me,
557 3612 665 3685 quum
699 3585 904 3658 iamiretur
929 3583 975 3657 ad
1000 3598 1050 3658 te:
1076 3585 1155 3659 lon-

152 3714 227 3815 gior
252 3713 379 3810 etium²
404 3712 433 3784 si
458 3715 591 3806 φλύαρον
616 3711 767 3812 aliquem
798 3709 979 3783 habuisset
999 3727 1021 3780 ¹.
1060 3710 1153 3784 Nam

151 3842 328 3938 σπουδάζειν
350 3839 424 3912 sine
450 3835 606 3939 periculo
632 3840 691 3910 vix
717 3863 911 3937 possumus.
937 3836 1063 3909 Ridere
1088 3837 1153 3935 igi-

156 3979 219 4067 tur,
234 3968 383 4071 inquies,
401 3991 595 4068 possumus
609 3964 751 4040 -Non
767 3952 966 4038 mehercule
983 3961 1153 4038 facillime.
