2648 4822
157 399 231 491 διδ,
500 422 672 479 arrsrom
698 427 812 481 ocxxr.
940 430 970 479 r.
987 427 1021 481 r.
1041 432 1068 483 c.
1089 426 1138 495 ‚at

154 532 393 629 acireregem
411 530 437 628 ⁵,
468 554 526 615 me
556 532 664 607 animi
701 530 789 615 nihil
817 529 947 607 habere
963 544 995 632 >5
1018 535 1163 633 Cicero,

154 678 242 731 acm·
269 678 368 737 vero·
388 666 516 731 meum·
531 656 651 731 vorari
665 659 692 728 ⁶.
725 655 797 731 Sed
832 655 872 733 id
897 657 1163 758 quidcmarbi·

154 795 248 856 tratu
274 806 349 855 suo.
1063 794 1080 803 ”

203 906 227 983 3
252 902 510 982 Laudationem
534 906 713 983 Porciaea
740 904 878 1009 gaudeo
908 932 964 981 rue
990 923 1072 983 aute
1098 909 1161 983 de·

153 1010 247 1125 diosa
271 1016 417 1135 Leptae
431 1030 635 1133 tabellario,
664 1060 770 1136 quam
796 1046 874 1108 tuas
900 1035 1096 1135 acceperim
1121 1035 1162 1108 li·

153 1142 255 1259 teras.
284 1148 383 1235 'Eam
419 1173 472 1257 tu¹
491 1156 619 1259 igitur,
649 1161 681 1233 si
717 1185 774 1234 me
806 1184 922 1259 amas,
946 1158 1107 1259 curabis,
1130 1162 1162 1234 si

70 1318 74 1323 ·
151 1283 262 1361 modo
287 1284 466 1382 mittetur,
497 1285 566 1359 isto
599 1281 741 1359 modo⁸
766 1284 976 1361 mittendam
1000 1286 1160 1361 Domitio

153 1425 190 1484 et
213 1413 324 1485 Bruto
342 1429 367 1481 a.
1056 1492 1061 1501 .

202 1537 305 1632 dDe
331 1534 601 1636 gladiatoribus,
627 1535 672 1609 de
697 1536 840 1635 ceteris,
873 1562 962 1638 quae
988 1535 1111 1610 scribis
1131 1551 1158 1589 ¹⁰

150 1670 372 1763 ἀνεμςφόρητα,
398 1660 513 1735 lacios·
528 1686 586 1753 me
610 1661 770 1763 quotidie
796 1663 989 1736 certiorem.

202 1785 224 1859 5
251 1785 386 1885 Velim,
417 1787 449 1861 si
483 1786 547 1860 tibi
574 1787 731 1886 videtur,
767 1786 923 1890 appelles
947 1785 1098 1860 Balbum
1124 1801 1160 1860 et

149 1908 309 1987 Offilium
334 1908 379 1987 de
405 1911 568 1999 auctione
593 1912 846 2012 proscribenda
862 1927 900 1983 υ.
918 1910 1094 2015 Equidem
1110 1912 1160 1989 lo·

150 2047 252 2111 cutm
277 2060 356 2109 sum
380 2062 462 2112 cum
485 2036 608 2114 Balbo.
634 2037 812 2113 Placebat
837 2040 931 2113 Puto
956 2016 1158 2138 conscripta

125 2160 279 2238 -lrabere
304 2160 460 2239 Offilium
486 2166 605 2239 omnia
625 2181 671 2261 ¹²3
706 2164 816 2266 habet
848 2179 885 2238 et
909 2163 1064 2240 Balbus:
1095 2165 1159 2239 sed

146 2286 262 2365 Balbo
282 2288 469 2392 placebat,
493 2292 735 2394 propinquum
761 2290 874 2390 diem,
899 2305 936 2365 et
960 2292 1114 2390 Romae,
1130 2293 1160 2364 si

148 2414 279 2491 Caesar
302 2431 516 2518 moraretur,
539 2444 645 2520 posse
671 2416 766 2493 diem
790 2416 930 2491 differri.
948 2415 1019 2492 Sed
1034 2419 1065 2490 is
1082 2417 1157 2519 qui·

150 2539 231 2615 dem
270 2530 392 2619 adesse
430 2542 570 2618 videtur
590 2545 628 2615 ¹³.
662 2544 795 2618 Totum
830 2545 935 2643 igitur
965 2542 1158 2618 considera.

147 2664 272 2743 Placet
296 2671 393 2745 euim
416 2671 593 2746 Vestorio.

553 2920 740 2995 DCXXII.
864 2965 918 3021 <ra
933 2963 984 3010 au.
999 2962 1131 3021 uuum

148 3098 367 3174 Argumentum.
395 3100 442 3159 De
469 3074 693 3163 contumeliosis
720 3104 758 3179 Q.
781 3102 834 3162 filii
857 3100 969 3171 literis,
996 3100 1083 3161 etde
1107 3121 1153 3159 ra-

188 3206 270 3265 tione
290 3226 360 3267 eum
382 3209 558 3290 excipiendi.

227 3410 280 3463 Sor.
299 3411 325 3463 in
342 3410 489 3465 'l'rrsculano
510 3415 538 3465 Α.
558 3414 589 3471 V.
610 3414 638 3467 C.
658 3414 809 3483 DCCVlll,
829 3415 881 3466 Vll
902 3413 939 3466 ld.
959 3414 1076 3466 Sextiles.

463 3612 608 3677 CICERO
634 3612 785 3679 ATtho
811 3612 841 3676 S.

193 3794 286 3903 Ante
303 3796 419 3873 lucem
436 3822 544 3903 quum
562 3799 752 3876 scriberem
776 3813 900 3873 contra
917 3800 1114 3903 Epicureos
1130 3816 1154 3898 ¹,

144 3918 189 4023 ‚de
214 3904 349 4035 codem
367 3926 447 4037 oleo
473 3944 513 4003 ct
535 3955 641 4032 opera
675 3926 816 4003 exaravi
849 3920 975 4003 nescio¹
995 3926 1081 4031 quid
1106 3925 1151 4000 a'd
