2648 4822
246 423 314 498 160
568 403 738 493 urrerem
764 440 890 492 ouxru.
1022 440 1101 494 nr.
1118 444 1148 494 c
1167 443 1215 507 ,oe

293 547 315 622 3
341 545 449 638 Quod
472 556 576 646 putas
608 558 772 645 oportere
805 543 1010 644 perviderit
1036 545 1106 617 iam
1133 547 1239 620 animi

120 667 123 680 ¹
240 675 311 748 mei
342 673 563 772 firmitatem,
596 672 802 771 graviusque
837 669 1008 771 quosdam
1040 670 1163 744 scribis
1195 671 1237 743 de

239 822 298 872 me
322 797 418 900 loqui
436 799 462 897 ⁸,
487 823 590 898 quam
617 810 678 868 aut
702 809 737 867 te
773 794 947 894 scribere,
984 808 1044 867 aut
1068 797 1237 869 Brutum:

239 924 287 1023 si,
321 925 380 1024 qui
413 949 469 996 me
501 923 649 995 fractum
687 947 761 993 esse
794 922 910 994 animo
949 935 985 993 et
1017 920 1236 994 debilitatum

238 1062 390 1150 putant,
426 1049 539 1123 sciant
571 1047 656 1149 quid
689 1046 887 1148 literarum,
920 1062 956 1120 et
980 1049 1077 1120 cuius
1103 1048 1236 1147 generis

238 1178 422 1250 conficiam
434 1203 445 1275 3
470 1175 597 1274 credo,
621 1173 652 1248 si
676 1173 784 1247 modo
810 1173 970 1248 homines
994 1174 1087 1272 sint,
1119 1173 1235 1246 existi·

235 1315 336 1376 ment
359 1327 433 1402 me,
464 1301 539 1375 sive
563 1300 612 1374 ita
637 1298 773 1373 levatus
799 1300 887 1398 sim,
919 1313 959 1372 ut
991 1301 1147 1370 animum
1174 1324 1234 1370 va-

237 1453 342 1501 cuum
366 1426 412 1499 ad
436 1451 491 1500 res
517 1424 674 1499 difficiles
699 1424 901 1499 scribendas
925 1423 1088 1523 alleram,
1117 1448 1234 1523 repre·

234 1549 462 1624 hendendum
486 1576 559 1623 non
585 1576 682 1650 esse,
715 1551 789 1624 sive
817 1550 909 1623 hanc
933 1550 1189 1623 aberrationem
1214 1575 1233 1620 a

236 1674 358 1749 dolore
392 1673 602 1776 delegerim,
638 1702 727 1778 quae
765 1678 915 1749 maxime
951 1674 1189 1750 liberalissima
1208 1691 1234 1773 ⁹,

235 1800 412 1902 doctoque
447 1799 590 1874 homine
623 1801 847 1902 dignissima,
878 1801 1013 1876 laudari
1044 1827 1101 1876 me
1127 1801 1232 1874 etiam

234 1942 410 2029 oportere.
496 2011 499 2014 Α

282 2052 419 2152 4ὃεά,
444 2080 550 2154 quum
577 2078 641 2154 ego
667 2055 791 2127 faciam
823 2055 963 2154 omnia,
996 2081 1084 2155 quae
1118 2054 1229 2125 facere

231 2180 365 2278 possim
398 2179 445 2252 ad
477 2205 534 2252 me
565 2180 826 2280 adiuvandum,
861 2195 899 2253 tu
924 2182 1022 2253 effice
1046 2181 1100 2280 id,
1134 2179 1230 2280 quod

230 2305 336 2379 video
362 2319 397 2378 te
422 2332 498 2381 nou
522 2309 651 2407 minus,
668 2334 772 2409 quam
790 2332 845 2380 me
861 2306 1028 2380 laborare.
1047 2307 1126 2380 Hoc
1145 2307 1229 2380 mihi

230 2428 358 2506 debere
392 2434 516 2508 videor
534 2449 573 2535 ¹⁰,
605 2459 719 2536 neque
743 2433 851 2507 levari
876 2459 1003 2534 posse,
1026 2432 1093 2506 uisi
1119 2432 1230 2506 solve·

229 2583 286 2656 ro,
312 2571 373 2631 aut
397 2559 535 2659 videro,
560 2586 616 2632 me
641 2586 745 2658 posse
771 2559 925 2659 solvere,
948 2558 987 2631 id
1011 2572 1081 2659 est,
1096 2557 1229 2654 locum,

229 2683 368 2784 qualem
393 2683 494 2783 volo,
517 2686 693 2758 invenero.
718 2686 875 2760 Heredes
892 2685 1079 2785 Scapulae,
1095 2688 1125 2758 si
1141 2687 1227 2758 istos

228 2807 368 2906 hortos,
391 2823 433 2880 ut
457 2808 578 2882 scribis
605 2809 667 2880 tibi
694 2811 871 2884 Othonem
898 2813 1041 2910 dixisse,
1068 2811 1226 2910 partibus

229 2947 379 3032 quatuor
404 2933 520 3028 lactis,
543 2934 640 3007 liceri
660 2951 688 2985 ¹¹
717 2941 889 3038 cogitant,
912 2939 999 3010 nihil
1023 2953 1076 3011 est
1093 2939 1226 3011 scilicet

228 3060 354 3131 emtori
378 3058 456 3132 loci.
482 3061 549 3161 Sin
569 3062 760 3165 venibunt,
798 3066 883 3166 quid
915 3067 990 3138 fieri
1023 3067 1152 3165 possit,
1178 3067 1226 3138 vi·

227 3182 396 3259 dabimus.
432 3186 523 3260 Nam
559 3187 616 3262 ille
649 3188 747 3263 locus
771 3191 995 3264 Publicianus
1015 3208 1056 3290 ¹²,
1087 3192 1148 3294 qui
1172 3203 1225 3264 est

225 3306 453 3385 Trebouii'et
478 3313 628 3413 Cusiuii,
653 3329 728 3387 erat
752 3315 799 3388 ad
824 3343 879 3388 me
905 3316 1037 3389 allatus.
1065 3317 1136 3389 Sed
1156 3317 1223 3389 scis

224 3457 340 3508 aream
366 3463 441 3510 esse
460 3439 498 3511 ¹³.
519 3437 625 3511 Nullo
651 3454 757 3538 pacto
782 3441 906 3542 probo.
932 3442 1077 3516 Clodiae
1094 3442 1123 3509 ι4
1140 3468 1222 3516 sane

222 3556 385 3659 placent,
421 3563 484 3634 sed
520 3588 594 3636 nou
627 3579 715 3663 puto
749 3593 824 3640 esse
858 3566 1006 3640 venales.
1039 3569 1093 3642 De
1117 3570 1223 3642 Drusi

221 3680 355 3784 hortis,
381 3688 539 3786 quamvis
563 3687 608 3759 ab
633 3690 674 3761 iis
700 3690 909 3791 abhorreas,
937 3706 979 3765 ut
1002 3692 1148 3789 scribis,
1173 3707 1223 3766 ta·

221 3833 305 3882 men
330 3835 372 3884 eo
398 3812 612 3911 confugiam,
636 3817 702 3887 nisi
728 3817 813 3918 quid
837 3820 1021 3892 inveneris.
1046 3818 1221 3892 Aedifica-

222 3935 273 4007 tio
299 3962 453 4011 menon
478 3953 605 4012 movet.
631 3940 727 4013 Nihil
751 3944 843 4015 enim
878 3943 973 4017 aliud
1004 3944 1221 4043 aedificabo,

221 4059 289 4135 uisi
312 4061 351 4136 id
368 4066 410 4163 ¹⁵,
435 4063 531 4166 quod
556 4065 676 4165 etiam,
700 4067 729 4140 si
754 4067 831 4144 illos
855 4096 929 4145 non
953 4068 1118 4146 habuero.
