2648 4822
180 401 219 453 ta
503 392 676 445 aarsroaa
702 395 814 446 oxvrr.
918 440 921 453 ‚
948 398 978 448 u.
996 401 1029 449 v.
1047 402 1076 449 c.
1096 401 1143 462 με

171 519 208 577 et
233 502 447 576 diffidentem
474 504 633 573 excitare.
660 501 743 592 Quo
761 500 901 602 quidem
921 515 1080 603 tempore
1099 531 1171 578 nou

170 653 236 730 ego
261 655 403 703 oausam
427 641 604 726 nostram,
637 627 701 699 sed
733 626 917 700 consilium
936 627 967 695 ¹4
992 631 1171 730 improba·

169 755 261 830 bam.
287 757 371 829 Sero
397 756 490 828 enim
515 778 581 827 uos
606 753 647 827 iis
673 754 778 826 armis
798 754 973 828 adversari
991 756 1172 856 videbam,

170 909 259 984 quae
301 876 412 955 multo
456 893 537 954 ante
580 876 784 953 confirmata
828 905 894 980 per
934 883 1170 983 nosmetipsos

170 1022 270 1082 eraut
289 1011 336 1108 ¹⁵,
362 1003 614 1108 dolebamque,
646 1006 726 1106 pilis
752 1020 788 1079 et
813 1004 953 1106 gladiis,
984 1034 1058 1081 non
1084 1034 1169 1081 con·

170 1133 271 1232 siliis,
287 1159 400 1236 neque
426 1132 691 1207 auctoritatibus
716 1134 845 1207 nostris
871 1133 915 1206 de
932 1135 1006 1207 iure
1023 1134 1167 1235 publico

170 1259 366 1361 disceptari
392 1259 514 1362 Neque
539 1285 605 1359 ego
631 1285 694 1360 ea,
731 1286 820 1362 quae
850 1259 941 1333 facta
967 1274 1066 1359 sunt,
1095 1261 1168 1335 fore

92 1446 98 1458 .
168 1413 277 1488 quum
303 1386 485 1487 dicebam,
517 1386 719 1459 divinabam
743 1386 879 1460 sutura:
905 1388 984 1485 sed,
1011 1387 1109 1489 quod
1133 1403 1169 1461 et

166 1513 240 1585 fieri
266 1537 387 1613 posse,
412 1527 448 1584 et
473 1513 657 1585 exitiosum
682 1512 778 1612 fore,
803 1514 832 1586 si
858 1515 1047 1612 evenisset,
1072 1514 1167 1587 vide·

165 1637 266 1738 ham,
291 1639 329 1711 id
346 1665 390 1711 ue
409 1638 602 1738 accideret,
619 1638 801 1712 timebam:
819 1640 1023 1739 praesertim
1042 1665 1168 1742 quum,

164 1765 194 1837 si
218 1764 305 1837 mihi
331 1763 535 1838 alterutrum
563 1763 607 1838 de
633 1780 761 1839 eventu
796 1780 900 1868 atque
929 1767 1023 1840 exitu
1050 1792 1166 1839 rerum

164 1892 442 1990 promittendum
476 1905 589 1991 esset,
626 1891 664 1965 id
693 1892 869 1992 futurum,
904 1893 999 1994 quod
1026 1895 1167 1993 evenit,

164 2016 377 2118 exploratius
414 2046 555 2120 possem
594 2021 808 2119 promittere.
845 2022 892 2094 Iis
930 2022 1024 2093 enim
1061 2020 1165 2095 rebus

163 2145 444 2246 praestabimus,
470 2172 559 2249 quae
584 2170 658 2218 non
684 2147 862 2247 prodeunt
885 2148 923 2219 in
948 2148 1075 2246 aciem,
1099 2174 1165 2221 usu

163 2285 281 2343 autem
307 2297 503 2372 armorum,
530 2285 565 2345 et
582 2270 733 2345 militum
748 2272 875 2346 robore
892 2273 1072 2346 inferiores
1090 2299 1165 2346 era-

160 2423 248 2472 mus.
274 2398 345 2472 Sed
370 2413 408 2472 tu
433 2398 531 2472 illum
559 2399 715 2472 animum
741 2424 835 2471 nuuc
862 2397 1008 2498 adhibe,
1025 2425 1166 2501 quaeso,

161 2551 230 2626 quo
256 2551 313 2597 me
339 2539 413 2598 tum
440 2552 514 2598 esse
540 2540 704 2626 oportere
730 2525 905 2599 censebas.

209 2676 230 2722 2
257 2651 355 2722 Haec
388 2675 431 2723 eo
464 2651 587 2750 scripsi
607 2654 648 2748 ¹⁶,
681 2649 779 2751 quod
813 2649 901 2722 mihi
937 2648 1163 2751 Philargyrus

158 2788 239 2848 tuus
265 2776 383 2848 omnia
410 2775 454 2848 de
480 2788 515 2849 te
541 2776 731 2877 requirenti
751 2791 791 2874 ¹7,
815 2774 1017 2850 fidelissimo
1043 2779 1161 2850 animo

158 2909 217 2991 (ut
239 2901 327 2974 mihi
353 2899 494 3004 quidem
520 2902 615 2976 visus
641 2912 713 2992 est)
730 2903 901 3002 narravit,
923 2916 960 2976 te
984 2902 1162 2976 interdum

157 3027 332 3102 solicitum
357 3026 468 3102 solere
485 3030 515 3081 ¹⁸
541 3054 615 3102 esse
640 3029 898 3103 vehementius:
925 3028 1022 3131 quod
1047 3029 1160 3103 facere

156 3179 230 3228 uon
256 3153 379 3253 debes,
404 3180 470 3227 nec
497 3154 674 3256 dubitare,
701 3157 787 3258 quin
813 3170 874 3229 aut
899 3154 1013 3258 aliqua
1040 3181 1077 3229 re
1095 3182 1161 3257 pu·

48 3286 57 3309 “
155 3277 248 3354 blica
273 3282 319 3354 sis
345 3281 503 3380 futurus,
541 3281 601 3384 qui
638 3308 712 3356 esse
750 3283 872 3383 debes,
909 3296 970 3355 aut
1002 3282 1160 3383 perdita,

155 3431 229 3480 non
254 3406 435 3497 afflietiore
461 3408 681 3508 conditione,
707 3436 813 3511 quam
838 3409 954 3482 ceteri.
972 3409 1051 3481 Hoc
1074 3433 1159 3482 vero

154 3545 310 3634 tempus,
335 3559 406 3635 quo
432 3535 620 3609 exanimati
645 3562 766 3609 omnes
789 3550 826 3609 et
842 3535 1003 3637 suspensi
1020 3560 1158 3634 sumus,

152 3656 222 3733 hoc
247 3661 481 3736 moderatiore
506 3663 624 3737 animo
649 3662 737 3736 serre
772 3662 903 3762 debes,
936 3662 1033 3765 quod
1060 3678 1097 3737 et
1121 3664 1158 3736 iu

150 3788 236 3861 urbe
261 3815 300 3862 ea
321 3804 352 3855 ¹9
377 3816 431 3888 es,
456 3789 518 3862 ubi
543 3803 626 3864 nata
652 3803 688 3862 et
714 3788 783 3863 alta
809 3804 863 3863 est
891 3790 982 3864 ratio
1010 3816 1051 3863 ac
1078 3815 1156 3864 mo·

151 3910 284 3989 doratio
317 3916 425 4014 vitae,
459 3930 496 3990 et
526 3915 636 3990 habes
670 3916 740 3990 Ser.
767 3915 961 4018 Sulpicium
978 3933 1022 4016 ²⁰,
1047 3942 1154 4019 quem
