2648 4822
253 424 326 497 250
588 439 764 490 mrsrou
787 441 921 490 oxcvu.
1035 440 1072 491 Α.
1087 444 1125 493 v.
1142 445 1177 494 c.
1194 441 1240 506 με

664 666 848 743 DXCVIL
984 710 1040 769 (aa
1055 712 1110 756 osv.
1127 712 1179 772 vi,
1194 714 1238 771 ι.)

249 854 473 932 Argirnienmm.
494 849 675 908 Consolatur
688 848 877 908 Tomuoium
891 846 1044 927 Corcyrae
1062 850 1261 921 exsulantem,

290 961 329 1018 de
344 961 466 1038 suisque
480 956 581 1026 rebus,
593 966 713 1037 praeter
726 957 883 1014 universae
896 952 1082 1036 reipublicae
1096 958 1260 1031 interitum,

292 1063 367 1124 nibil
389 1085 452 1122 esse
474 1067 500 1122 ei
524 1062 690 1122 uiuendum
712 1059 883 1120 confirmat.

250 1271 317 1336 Ser„
335 1279 363 1322 oi
382 1270 495 1334 videtur,
514 1270 539 1319 in
557 1267 721 1331 Tusculano,
738 1268 769 1318 A.
787 1265 820 1319 V.
838 1266 870 1319 C.
888 1264 1257 1340 Dccv111‚menseQuini.

524 1463 669 1528 CICERO
695 1463 933 1530 'roms'lw
958 1465 991 1528 S.

302 1679 400 1776 Etsi,
424 1703 533 1777 quum
558 1675 646 1748 haec
672 1676 718 1747 ad
743 1689 778 1748 te
804 1675 1020 1775 scribebam,
1045 1692 1108 1749 aut
1134 1703 1258 1779 appro-

252 1806 424 1904 pinquare
449 1803 562 1872 exitus
587 1800 690 1871 huius
716 1800 1008 1874 calamitosissimi
1039 1801 1123 1875 belli
1141 1822 1168 1902 ²,
1199 1819 1257 1877 aut

252 1932 322 2002 iarn
349 1927 481 2028 aliquid
507 1941 624 1998 actum
650 1941 686 1998 et
703 1927 904 2000 consectum
922 1927 1122 2002 videbatur:
1142 1944 1255 2002 tamen

253 2056 409 2156 quotidie
436 2051 774 2151 commemorabam,
791 2066 827 2124 te
844 2056 1009 2126 nnumin
1034 2069 1136 2127 tanto
1162 2083 1256 2129 exer·

253 2182 324 2253 citu
338 2182 353 2229 ³
378 2179 465 2251 mihi
490 2179 594 2252 fuisse
621 2204 853 2277 assensorem,
870 2193 908 2251 et
922 2205 980 2251 me
996 2179 1077 2278 tibi,
1091 2181 1256 2284 solosque

251 2331 318 2380 nos
344 2305 487 2405 vidisse,
521 2318 691 2407 quantum
721 2319 813 2377 esset
837 2306 875 2376 in
900 2330 944 2378 eo
969 2305 1065 2378 bello
1090 2307 1196 2405 mali,
1219 2309 1255 2379 in

253 2459 341 2534 qu0‚
366 2460 429 2534 spe
455 2435 551 2533 pacis
578 2431 734 2527 exclusa,
758 2433 835 2530 ipsa
862 2432 1008 2504 victoria
1034 2431 1149 2506 futura
1168 2446 1256 2506 esset

253 2560 492 2656 acerbissima3
519 2586 607 2659 quae
633 2573 694 2629 aut
721 2560 899 2629 interitum
925 2557 1072 2630 allatura
1096 2574 1205 2656 esset,
1228 2559 1255 2631 si

252 2685 367 2755 victus
394 2709 503 2781 esses,
529 2697 606 2780 aut,
631 2682 659 2754 si
687 2684 846 2778 vicisses,
872 2685 1076 2755 servitutem
1086 2682 1112 2755 4.
1135 2687 1256 2786 Itaque

253 2830 340 2904 eg0‚
366 2832 470 2906 quem
496 2821 571 2878 tum
597 2806 703 2878 fortes
729 2806 778 2876 illi
805 2809 870 2880 viri
903 2822 939 2880 et
968 2810 1161 2908 sapientes,
1184 2812 1255 2881 Do-

252 2930 342 3002 mitii
368 2945 404 3004 et
427 2930 569 3005 Lentuli
588 2935 614 3031 ⁵,
640 2931 804 3004 timidum
836 2960 912 3006 esse
943 2932 1110 3006 dicebant
1133 2945 1254 3022 (eram

253 3053 371 3154 plane:
402 3058 571 3131 timebam
597 3060 709 3157 enim,
734 3085 778 3131 ne
804 3061 984 3132 evenirent
1010 3086 1069 3158 ea,
1087 3087 1177 3162 quae
1203 3087 1256 3133 ac·

253 3181 453 3282 ciderunt);
480 3184 574 3257 idem
599 3213 693 3258 nunc
719 3183 807 3257 nibil
831 3186 957 3283 time0‚
982 3199 1018 3259 et
1043 3186 1090 3259 ad
1116 3212 1254 3259 omnem

252 3321 418 3380 eventum
454 3324 597 3409 paratus
633 3339 718 3383 sum.
756 3313 876 3402 Quum
910 3312 1042 3412 aliquid
1071 3312 1280 3412 videbatur!

253 3435 366 3505 caveri
393 3460 514 3532 posse,
540 3449 615 3507 tum
641 3436 678 3507 id
703 3436 830 3536 negligi
848 3436 1021 3510 dolebam.
1040 3437 1144 3510 Nunc
1162 3463 1256 3536 vero,

253 3559 380 3628 eversis
414 3561 575 3633 omnibus
611 3561 736 3658 rebus,
773 3590 881 3662 quum
919 3562 1065 3636 consilio
1097 3566 1254 3663 profici⁶

252 3678 339 3751 nihil
365 3684 494 3782 possit,
518 3712 586 3758 una
615 3689 704 3759 ratio
731 3686 882 3760 videtur:
901 3689 1069 3790 quicquid
1090 3690 1254 3785 evenerit,

253 3803 340 3878 serre
365 3808 564 3908 moderate3
590 3814 794 3910 praesertim
820 3841 928 3914 quum
954 3815 1112 3888 omnium
1137 3840 1252 3888 rerum

253 3952 347 4006 mors
372 3934 417 4007 sit
442 3949 635 4010 extremum
654 3956 679 4036 ⁷,
704 3951 740 4011 et
765 3937 853 4012 mihi
877 3940 945 4014 sim
969 3942 1152 4040 conscius,
1176 3965 1249 4036 me,
