2648 4822
198 402 270 481 236
535 423 706 479 aarsrona
733 421 840 478 nxcn.
978 429 1009 479 l.
1027 431 1059 478 v.
1077 430 1106 477 c.
1124 424 1173 492 ,aa

243 655 299 709 ser.
316 656 343 707 in
360 654 508 707 Tusculano
526 655 558 708 Δ.
575 654 609 708 V.
626 655 656 708 C.
676 654 810 708 uccvm
821 692 829 723 ,
847 673 870 708 a.
889 655 914 708 d
932 654 956 705 V
976 657 1033 708 nst.
1051 657 1145 726 Quint.

504 836 651 909 CICERO
674 843 827 910 ATTICO
853 846 884 908 S.

203 1012 209 1023 ¹
247 1006 260 1107 l
290 1026 447 1107 Alteram
472 1056 493 1103 a
519 1043 555 1103 te
586 1030 775 1131 epistolam
807 1056 917 1133 quum
953 1023 1059 1107 hodie
1096 1060 1197 1108 accc-

82 1206 85 1211 ·
191 1158 339 1260 piscem,
374 1155 472 1230 nolui
504 1169 540 1229 te
570 1180 641 1229 una
673 1183 752 1231 mea
778 1170 994 1263 contentum.
1021 1159 1078 1232 Tu
1111 1186 1196 1234 vero

191 1308 275 1385 age,
297 1281 396 1386 quod
419 1280 560 1382 scribis,
586 1280 630 1355 de
654 1281 814 1356 Faberio.
833 1284 877 1356 In
893 1308 938 1356 eo
960 1284 1054 1357 enirn
1080 1299 1196 1358 totum

190 1422 246 1485 est
269 1409 425 1511 positum
450 1406 503 1507 id,
527 1408 627 1511 quod
651 1411 861 1507 cogitamus:
887 1435 977 1510 quae
1003 1411 1195 1509 cogitatio¹

190 1536 321 1609 sinon
346 1534 527 1608 incidisset
553 1532 666 1627 (mihi
701 1534 805 1608 crede
837 1536 946 1634 istuc,
971 1549 1012 1608 ut
1037 1549 1152 1609 cetera
1170 1548 1199 1635 l,

189 1684 265 1735 non
287 1658 494 1733 laborarem.
521 1659 778 1758 Quamobrem,
803 1673 844 1732 ut
868 1661 954 1734 lacis
976 1663 1086 1748 <istuc
1102 1663 1197 1735 enim

190 1780 274 1859 addi
300 1784 388 1858 nihil
414 1794 576 1887 potest),
600 1811 702 1885 urge,
726 1787 838 1884 insta,
863 1788 1001 1887 perfice.

240 1938 262 1985 a
287 1910 494 1987 Dicaearchi
519 1915 586 2009 περὶ
612 1918 712 2006 ψυχῆς
746 1925 947 2012 utrosque²
980 1910 1084 1985 velim
1115 1914 1196 1986 mit-

190 2050 245 2113 tas
257 2091 270 2138 ,
300 2050 339 2110 et
370 2040 577 2127 καταβάσεως.
611 2040 819 2134 Τριπολιτικόν
849 2062 925 2112 non
958 2038 1125 2137 invenio,
1161 2052 1197 2110 et

189 2161 377 2265 epistolam
401 2163 493 2264 eius,
517 2189 625 2265 mam
649 2162 697 2239 ad
713 2164 961 2239 Aristoxenum
986 2164 1090 2237 misit
1108 2164 1197 2237 Tres

189 2312 252 2365 eos
275 2287 386 2365 libros
411 2292 563 2365 mammo
594 2318 690 2367 nnnc
724 2290 872 2366 vellem:
905 2292 980 2393 apti
1010 2305 1128 2366 essem
1152 2289 1199 2364 ad

188 2414 250 2516 id,
273 2415 373 2519 qnod
397 2414 558 2517 cogito'3.

239 2543 263 2618 3
289 2544 528 2646 Torquatusl
552 2547 685 2618 Romae
711 2558 773 2618 est.
799 2546 879 2619 Misi
894 2548 920 2643 ⁵,
946 2559 985 2617 ut
1011 2541 1075 2617 tibi
1101 2541 1199 2614 dare·

189 2680 255 2741 tur.
281 2668 447 2743 Catulum
473 2685 509 2744 et
534 2670 720 2744 Lucullum
733 2673 759 2767 ⁶,
780 2683 820 2742 ut
837 2670 983 2770 opinor,
1000 2682 1110 2742 antea.
1133 2668 1198 2740 His

189 2791 287 2867 libris
313 2820 406 2867 nova
433 2797 615 2895 prooemia
641 2809 724 2868 sunt
749 2794 893 2893 addita,
923 2796 1049 2897 quibus
1075 2821 1199 2867 eorum

188 2932 335 3019 uterque
368 2919 538 2994 laudatur.
572 2923 643 2993 Eas
675 2920 825 2992 literas⁷
853 2921 937 2995 volo
969 2921 1121 2993 habeas:
1160 2933 1197 2991 et

189 3057 273 3116 sunt
297 3045 472 3147 quaedam
498 3046 573 3120 alia.

238 3171 358 3270 IEr,
390 3172 488 3273 quod
521 3173 567 3245 ad
600 3188 635 3246 te
668 3172 711 3245 de
745 3173 867 3246 decem
901 3172 1023 3270 legatis
1051 3172 1198 3272 scripsi,

188 3319 315 3393 parum
340 3297 508 3372 intellexti
526 3301 559 3397 ⁸3
585 3300 709 3397 cred0,
734 3301 814 3400 quia
841 3300 894 3368 διὰ
920 3276 1085 3392 capetano
1111 3298 1197 3371 scri·

188 3444 337 3519 psoram.
362 3425 480 3500 Dec.
507 3426 688 3499 Tuditano
714 3427 807 3498 enim
834 3423 1063 3526 quaerebam,
1091 3449 1198 3526 quem

188 3567 233 3617 ex
256 3547 446 3624 Hortensio
473 3551 651 3625 audieram
677 3552 782 3626 fuisse
807 3552 844 3623 in
870 3551 1010 3623 decem:
1040 3575 1121 3622 enm
1145 3551 1197 3623 vi·

188 3666 257 3745 deo
281 3672 320 3745 in
343 3674 489 3751 Libonis
509 3695 537 3729 ¹⁰
564 3693 785 3780 praetorem,
801 3678 841 3751 P.
866 3676 1039 3778 Popillio,
1062 3678 1104 3751 P.
1128 3677 1199 3748 Ru·

187 3793 275 3894 pilio
300 3800 510 3878 consulibus.
537 3806 647 3881 Annis
672 3806 782 3879 XIIII
807 3816 907 3901 ante,
924 3829 1032 3906 quam
1051 3816 1198 3902 praetor

185 3919 297 4000 Iactus
323 3942 392 4027 est,
417 3928 551 4030 legatus
578 3960 653 4008 csse
679 3929 875 4033 potuissetl
908 3932 975 4004 nisi
1002 3930 1197 4006 admodum
