2648 4822
439 425 477 473 m
502 420 691 473 erroroma
992 400 1059 495 ior

66 528 88 604 I
107 525 192 588 Palat
212 535 284 588 sext.
305 525 380 586 scira
396 537 497 608 putem
516 545 629 609 cupere.

66 633 88 695 5
107 635 245 694 Curtium
266 634 377 693 Niciam
399 634 641 715 grammaticum,
664 642 695 693 ct
713 629 863 693 Ciceronis
880 629 1065 716 familiarem.

108 742 227 802 Sveton.
255 740 292 801 de
318 740 421 801 illustr.
445 741 548 800 Gram.
574 739 618 816 tri.
632 773 674 784 -
686 738 746 801 Cic.
767 759 834 822 epp.
856 736 1014 820 CCXCIV‚
1034 757 1065 822 73

108 846 235 908 DXLIV
256 857 287 907 et
299 847 527 930 DLXXXVIII,
542 847 569 906 3.
583 846 659 907 Hinc
672 845 721 908 iIle
734 845 850 929 lepidus
861 845 960 928 linio,
972 847 1067 929 inquit

106 955 276 1036 Emesam,
297 977 315 1015 a
335 955 528 1014 Grammatici
549 974 675 1036 persona
696 954 812 1016 ductus.
833 951 968 1015 Iudicem
986 975 1066 1039 esse,

106 1064 246 1122 nimirum
267 1062 305 1122 dc
323 1065 459 1144 pecunia
479 1059 557 1125 Vrde
577 1060 662 1122 infra

65 1167 88 1228 6
107 1170 198 1229 Deest
218 1173 248 1229 in
269 1168 406 1228 omnibus
427 1167 535 1228 Amhb.
556 1182 595 1229 ut.

66 1296 84 1353 7
106 1275 224 1336 Profert
244 1276 349 1337 Vidius
373 1274 491 1336 duabus
517 1274 600 1336 lincis
626 1276 656 1334 in
676 1272 753 1334 libro
773 1294 829 1335 suo
848 1276 1012 1356 scriptum,
1032 1293 1065 1334 sc

106 1381 220 1443 dedisse
250 1394 385 1443 mutuam
415 1385 572 1465 pecuniam
602 1382 708 1442 Niciae.
738 1380 824 1442 Alter
850 1380 1065 1462 Aristarchus,

106 1488 182 1550 idest
202 1492 310 1571 Nicias,
329 1490 384 1550 hos
403 1489 579 1567 versiculos,
600 1492 660 1550 sive
678 1488 732 1553 has
752 1489 844 1551 lineas
864 1487 982 1551 aVidio
995 1507 1066 1569 pro·
1195 1559 1199 1565 ¹

106 1597 195 1678 latas,
217 1607 352 1685 ὀβελίζςι,
373 1597 430 1657 hoc
450 1608 503 1674 est,
517 1596 606 1657 obelo
625 1607 724 1675 notat,
744 1599 804 1657 sive
824 1607 977 1677 tamquam
998 1615 1066 1676 spu-

106 1707 164 1763 rias
185 1703 272 1786 tollit,
303 1706 453 1785 expungit
477 1703 601 1763 Duobus
625 1704 774 1764 versiculis
795 1705 817 1763 1.
839 1704 873 1762 F.
896 1703 1065 1762 Gronovius

106 1815 315 1893 interpretatur
346 1811 464 1871 dnobus
494 1811 604 1893 titulis,
634 1810 753 1871 duobus
783 1809 959 1870 nominibus.
992 1810 1065 1887 Quo

107 1939 195 1977 sensu
224 1918 340 1979 dicotur
359 1937 524 2001 coeperunnt
544 1918 645 1999 serre,
671 1918 739 1979 vide
765 1917 870 2000 adep.
897 1917 1007 1998 ccvi,
1035 1915 1064 1976 3.
1125 1962 1127 1965 v
1177 1940 1181 1953 ..

106 2026 221 2086 Obclus
241 2048 346 2109 graece
376 2025 484 2086 dicitur
512 2048 598 2096 oeru5
630 2029 701 2086 item
727 2036 799 2086 nota
818 2023 968 2108 quaedam
988 2043 1065 2084 veru

106 2135 226 2193 iacentis
246 2132 358 2215 figura,
378 2155 455 2215 quae
476 2133 701 2193 adscribebatur
720 2131 815 2211 libris,
829 2131 881 2191 nbi
896 2129 969 2212 quid
989 2140 1067 2191 esset

106 2250 213 2298 notatu
233 2238 372 2320 dignum,
402 2241 576 2320 praesertim
602 2241 625 2298 si
651 2236 793 2317 dubium,
817 2247 869 2297 aut
893 2235 1066 2319 improben-

109 2345 191 2403 dum.
212 2346 324 2404 Niciam
343 2356 432 2405 vocat
443 2344 649 2405 Aristarchum
661 2364 731 2404 cum
750 2354 886 2425 respectu
906 2342 947 2403 ad
966 2362 1063 2422 gram·

109 2453 250 2510 muricum
270 2450 353 2510 illum
373 2450 624 2528 Alexandrinum,
651 2448 689 2510 de
714 2469 776 2530 quo
804 2447 911 2530 adep.
932 2447 1067 2510 chxv

112 2568 186 2616 extr.

66 2666 86 2727 8
110 2665 155 2724 Ad
175 2665 263 2725 huius
291 2665 347 2724 ioci
373 2665 596 2725 illustrationem
624 2662 690 2724 vide
711 2666 830 2724 omnino
850 2663 1007 2723 Budacum
1028 2662 1067 2722 ad

108 2772 273 2832 l‘andoctas
294 2774 364 2852 Lag.
387 2773 404 2831 3
427 2776 456 2832 in
469 2778 485 2847 5
501 2768 661 2853 Minorem,
676 2783 706 2832 et
719 2772 906 2833 Perizonium
920 2774 951 2830 in
965 2773 1067 2831 Anim-

108 2880 174 2940 adv.
198 2881 305 2940 Histor.
328 2902 352 2938 c.
379 2902 427 2963 ro⁷
448 2902 476 2962 p.
497 2881 566 2957 420.
592 2879 627 2940 V
622 2882 735 2961 erburg.

67 3010 89 3068 9
109 2989 153 3046 lta
173 2990 285 3069 primus
306 2988 467 3048 Lambinus
487 3000 648 3071 posteaque
670 2987 833 3050 Schiitzius.
848 2986 905 3049 Ed.
923 2987 978 3048 Ro.
991 3008 1067 3048 nunc

109 3108 135 3153 tc
156 3095 273 3163 dicener
296 3094 385 3176 vulgo
406 3095 492 3157 abest
511 3109 546 3156 te.
814 3145 819 3152 .

73 3221 108 3260 ιο
129 3202 222 3278 Quasi
242 3213 364 3283 proptor
385 3205 552 3262 convictum
573 3201 715 3262 damone
734 3221 795 3263 non
815 3203 913 3284 possit.
939 3198 1046 3263 &llam

76 3331 105 3366 rr
131 3309 301 3369 Comedisti.
324 3310 439 3371 Maroae.

74 3436 108 3472 η
131 3415 214 3474 Hanc
236 3427 366 3475 veterem
386 3416 542 3476 lectionem
567 3419 764 3499 expressimus
790 3435 859 3476 cum
879 3414 1013 3476 Victoria
1039 3422 1071 3473 et

110 3523 253 3600 Gmevio,
267 3527 320 3584 etsi
334 3536 366 3583 et
377 3527 471 3605 ipsam
492 3545 555 3585 essc
576 3546 593 3584 e
614 3526 796 3584 correctione
810 3533 958 3605 putamus.
973 3518 1069 3580 eodo

110 3632 200 3687 nostri
221 3633 337 3711 partim.
349 3632 634 3710 mugi-iuscnlorum,
647 3633 755 3713 partim
775 3627 1072 3711 mgeuuuuculorm

111 3736 156 3793 vei
178 3738 332 3817 ingentium
352 3739 503 3819 culorum,
525 3749 555 3798 et
575 3738 635 3798 Zet.
656 3739 681 3797 B
701 3738 858 3818 urgendum
883 3734 1072 3795 armotiam

110 3842 229 3903 habent„
249 3846 512 3926 Decimusqnartus
532 3867 570 3905 ex
591 3866 667 3906 man.
689 3856 798 3927 poster.
823 3841 982 3922 ingeram
1002 3839 1071 3919 scr·

111 3951 260 4031 culorum,
278 3955 309 4012 in
330 3955 414 4013 cuins
434 3955 568 4034 margine
588 3953 739 4014 Guarinus
768 3950 883 4032 scripsit
911 3947 957 4008 cel
980 3943 1072 4026 gatli-

115 4072 224 4136 Crcra.
246 4071 303 4136 IX.
322 4108 363 4122 -
386 4075 460 4139 Leto
486 4074 519 4136 Τ.
542 4075 642 4138 VIII.
912 4069 952 4131 26
