2648 4822
167 417 216 514 96
512 434 681 484 eeisrona
709 436 816 482 cxcii.
948 433 980 486 i.
995 438 1030 483 v.
1047 438 1077 484 c.
1095 436 1142 500 με

220 567 239 611 2
264 542 317 610 De
342 539 510 612 Cicerone
523 540 549 636 ³,
565 551 705 637 tempus
732 560 807 609 esse
831 535 902 607 iam
928 534 1079 611 videtur.
1098 539 1165 613 Sed

168 692 314 768 quaere,
339 663 435 767 quod
460 662 510 736 illi
536 689 626 763 opus
652 662 719 735 erit
743 661 905 760 Athenis,
928 665 1167 762 permutatim

168 793 302 891 possit,
339 817 384 862 an
419 791 485 890 ipsi
524 788 704 861 serendum
741 787 835 888 siti,
865 786 909 860 de
934 800 1081 890 totaque
1107 814 1164 887 re,

166 915 484 1018 quemadmodum,
510 929 546 987 et
570 914 713 1015 quaudo
738 913 894 1015 placeat,
919 912 1025 988 velim
1052 915 1164 989 consi·

165 1043 274 1115 deres.

214 1170 235 1240 3
261 1167 463 1241 Publilius⁵
489 1169 646 1240 iturusne
671 1167 778 1240 sitin
802 1166 970 1265 Africam,
995 1180 1033 1240 et
1058 1192 1162 1268 quan-

164 1296 232 1394 dc,
257 1321 298 1367 ex
324 1293 450 1368 Aledio
475 1295 564 1369 scire
589 1294 744 1394 poteris:
781 1319 927 1395 quaeras
965 1307 1002 1365 et
1029 1292 1077 1365 ad
1108 1316 1162 1367 ma

162 1420 312 1520 scribas,
337 1419 453 1495 velim.

213 1548 235 1640 4
260 1547 326 1643 Et,
351 1559 391 1616 ut
416 1544 461 1617 ad
488 1571 582 1616 meas
607 1545 786 1645 ineptias⁶
811 1543 969 1643 redeam,
987 1543 1091 1617 velim
1109 1570 1161 1616 me

163 1674 346 1747 certiorem
373 1671 493 1769 sacius,
519 1672 558 1744 P.
584 1673 749 1766 Crassus,
769 1669 961 1743 Venuleius
987 1669 1095 1771 filius,
1113 1671 1160 1743 vi-

163 1822 256 1870 voue
280 1799 318 1871 P.
345 1798 471 1870 Crasso
497 1795 688 1895 consulari,
705 1812 805 1898 patre
825 1823 907 1895 suo,
924 1810 1085 1871 mortuus
1101 1797 1159 1895 sit,

163 1937 201 1995 ut
227 1949 292 2020 ego
319 1924 515 1996 meminisse
549 1923 692 2024 videor,
725 1950 770 1997 an
799 1937 890 2024 post.
916 1924 1006 1996 Item
1033 1946 1157 2024 quaero

162 2048 206 2120 dc
238 2047 392 2147 Regillo,
429 2048 585 2149 Lepidi?
619 2049 710 2149 filio,
748 2064 886 2124 rectene
920 2049 1157 2145 meminerim,

162 2190 260 2274 patre
286 2177 369 2248 vivo
396 2189 581 2249 mortuum.

209 2301 231 2374 5
256 2303 449 2402 Cispiaua⁸
470 2302 676 2404 explicabis,
701 2303 855 2403 itemque
881 2303 1082 2375 Praeciana.
1107 2300 1157 2373 De

157 2429 291 2528 Attica,
316 2432 449 2530 optime
466 2449 491 2502 9.
516 2432 562 2504 Ei
587 2429 736 2503 salutem
762 2429 872 2527 dices,
898 2442 935 2501 et
958 2428 1079 2502 Piliae.

571 2710 736 2782 DXLlII.
879 2747 932 2807 (aa
948 2749 999 2795 aa.
1015 2749 1074 2810 xu,
1089 2746 1127 2803 ιε)

156 2886 376 2962 Argmnenlnm.
396 2886 442 2944 De
464 2886 528 2945 Silii
550 2885 646 2946 hortis
672 2887 821 2959 emendis,
846 2885 898 2947 sed
926 2889 969 2946 ita
995 2897 1030 2947 ut
1050 2904 1151 2946 uume-

196 3001 261 3049 rato
282 2994 382 3072 potius
404 3012 495 3072 quam
516 2994 735 3054 aestimatione.

294 3225 348 3277 Ser.
366 3227 474 3277 Asturae
493 3226 522 3277 d.
541 3226 574 3278 V.
593 3226 623 3278 C.
644 3226 793 3293 DCCVlll,
811 3243 896 3278 mense
914 3226 1019 3278 Martio.

462 3450 607 3514 menno
634 3449 787 3515 ATTICO
812 3451 843 3512 S.

202 3680 347 3797 Scripsit
373 3682 417 3752 ad
444 3709 498 3753 mc
525 3681 707 3781 diligenter
732 3683 809 3755 Sica
838 3683 881 3754 de
905 3681 989 3754 Silio
1007 3700 1032 3781 ¹,
1047 3706 1148 3784 seque

151 3808 197 3879 ad
223 3823 256 3879 te
284 3834 354 3879 rem
382 3806 566 3880 detulisse:
599 3809 696 3911 quod
723 3824 758 3881 tu
786 3809 878 3881 idem
906 3808 1039 3882 scribis.
1066 3806 1147 3883 Mihi

152 3948 187 4005 et
213 3962 266 4008 res
299 3949 335 4007 et
372 3933 530 4008 conditio
554 3935 692 4037 placet,
725 3936 788 4010 sed
812 3937 878 4035 ita,
903 3949 943 4008 ut
967 3948 1148 4011 numerato
