2648 4822
237 409 302 460 120
573 404 743 457 tererem
770 404 856 454 narr.
1004 404 1083 455 av.
1104 400 1199 466 ease

231 526 323 586 strae
348 507 528 583 valitudo:
567 523 605 581 ut
644 535 764 582 verear
800 507 928 604 etiam,
957 530 1096 607 nequa
1123 507 1227 609 culpa

232 638 286 710 sit.
312 636 382 709 Sed
406 649 442 708 et
466 631 693 735 paedagogii
718 631 893 732 probitas,
926 644 961 704 et
989 631 1118 706 medici
1144 635 1227 706 assi·

234 761 369 860 duitas,
396 775 432 833 et
457 774 533 835 tota
558 760 683 833 domus
715 759 752 831 in
786 757 882 830 omni
908 781 1032 856 genere
1058 756 1227 857 diligens,

232 912 288 960 me
313 914 430 961 rursus
455 885 494 958 id
518 885 686 986 suspicari
711 896 816 957 vetas
854 884 946 957 Cura
977 883 1091 982 igitur.
1122 884 1225 957 Plura

232 1013 326 1086 enim
350 1037 423 1086 non
448 1036 600 1112 possum

670 1260 795 1339 DLHI·
958 1300 1013 1362 <aa
1028 1299 1080 1348 aa.
1097 1299 1142 1362 rx,
1160 1301 1202 1358 a)

230 1441 448 1522 Argunoenmm.
468 1442 581 1522 Rogat,
594 1452 628 1500 ut
642 1439 791 1500 Suberino
805 1448 836 1500 et
848 1438 954 1499 Planio
969 1438 1097 1499 reditum
1120 1440 1150 1499 in
1171 1459 1222 1519 pa-

269 1550 358 1606 triam
380 1569 397 1606 a
419 1548 545 1607 Caesare
566 1552 720 1628 impetret,
741 1566 853 1628 eosqtre
873 1548 913 1605 ita
933 1555 1068 1616 excusat,
1082 1555 1115 1604 ut
1128 1554 1226 1605 osten·

271 1650 335 1722 dat,
351 1674 419 1712 casu
434 1652 564 1733 quodam
587 1662 617 1711 et
637 1653 808 1712 necessitate
828 1663 946 1713 coactos
967 1650 1104 1732 Pompeii
1126 1660 1225 1730 partes

272 1757 302 1815 in
325 1758 469 1839 Hispania
490 1769 606 1818 secutos
626 1778 697 1818 esse.

375 1972 428 2023 Ser.
447 1975 555 2024 Asturae
572 1974 603 2026 A.
623 1972 653 2024 V.
673 1970 701 2025 C.
720 1969 870 2034 occvln,
895 1989 979 2023 meuse
999 1972 1086 2041 Aprili.

487 2168 631 2234 CICERO
656 2168 916 2235 DOLABELLAE
943 2169 972 2230 S.

276 2382 381 2457 Caius
406 2379 599 2458 Suberinus
624 2383 776 2458 Calenus
810 2396 845 2455 et
876 2408 974 2454 meus
1004 2395 1057 2454 est
1082 2379 1226 2455 familia·

227 2508 297 2608 ris,
323 2521 359 2581 et
383 2509 516 2610 Leptae
537 2527 549 2561 ¹
575 2510 685 2582 nostri
719 2507 972 2581 familiarissimi
1005 2534 1226 2608 pemecessa-

227 2633 307 2706 rius.
333 2633 368 2706 Is
395 2661 503 2734 quum
527 2636 663 2707 vitandi
695 2635 777 2706 belli
796 2651 811 2682 ²
838 2659 940 2706 eausa
971 2634 1149 2732 profectus
1175 2660 1227 2706 es·

227 2769 281 2828 set
307 2757 344 2828 in
370 2758 577 2857 Hispaniam
603 2784 682 2830 cum
709 2760 755 2829 M.
775 2759 962 2830 Varrone³
982 2772 1063 2830 anie
1083 2757 1227 2855 bellum,

227 2881 328 2951 utin
353 2906 394 2952 ea
420 2882 602 2980 provincia
627 2897 736 2980 esset,
766 2884 803 2953 in
828 2909 896 2983 qua
920 2907 1025 2954 namo
1050 2897 1226 2981 nostrum,

226 3017 309 3103 post
334 3004 514 3077 Afranium
540 3021 758 3105 superatum,
773 3006 905 3078 bellum
932 3007 1039 3079 ullum
1065 3008 1139 3082 fore
1164 3037 1226 3111 pu·

224 3139 334 3227 terat,
357 3129 481 3203 incidit
505 3133 544 3203 in
569 3157 609 3205 ea
634 3134 710 3231 ipsa
735 3132 848 3230 mala,
874 3159 963 3234 quae
989 3160 1127 3207 summo
1152 3150 1226 3209 stu-

228 3252 289 3327 dio
315 3255 495 3329 vitaverat.
516 3255 713 3358 Oppressus
731 3274 784 3331 est
803 3259 896 3330 enim
912 3236 1006 3331 hello
1024 3262 1225 3359 repentino:

227 3378 324 3478 quod
347 3379 478 3453 bellum
511 3380 729 3456 c'ommotum
754 3411 774 3456 a
799 3382 948 3483 Scapula
965 3382 997 3481 i,
1025 3384 1076 3456 ita
1101 3399 1225 3484 postea

226 3505 472 3578 confirmatum
496 3521 550 3580 est
574 3534 594 3580 a
619 3510 793 3609 Pompeio
810 3512 836 3608 ⁵,
868 3523 908 3581 ut
936 3507 1032 3580 nulia
1057 3511 1225 3583 ratione⁶

223 3652 261 3701 se
287 3627 331 3701 ab
356 3629 415 3703 illa
446 3634 584 3709 miseria
621 3637 754 3736 eripere
790 3651 919 3736 posset.
950 3637 1087 3710 Eadem
1122 3664 1225 3711 eausa

224 3750 296 3826 sere
321 3767 374 3828 est
400 3756 446 3828 M.
471 3757 586 3832 Planii
603 3760 768 3859 Heredis,
793 3764 852 3863 qui
870 3777 923 3835 est
938 3763 1024 3835 irem
1040 3763 1223 3860 Calenum,

225 3879 359 3979 Leptae
375 3884 486 3956 nostri
503 3886 798 3962 familiarissimus.
815 3888 933 3981 Hosee
952 3890 1060 3986 igitur
1077 3888 1223 3964 amb0s⁸
