2648 4822
236 400 311 475 256
581 416 754 465 trrsrous
780 416 894 464 nxcrn
1020 416 1056 467 Δ.
1072 418 1111 467 v.
1127 421 1160 467 o
1176 420 1223 483 ,ιι

234 538 344 625 puto,
368 518 571 621 repudiabis
596 518 813 617 inhonore,
844 542 950 618 quem
981 518 1021 591 in
1050 522 1245 621 periculo³

234 650 406 749 recepisti.
430 648 509 746 Ego
536 658 654 718 autern
684 669 791 744 quern
815 645 937 744 potius
960 643 1162 747 adoptem,
1186 664 1247 723 aut

234 777 417 872 invocem,
442 801 547 875 quam
572 771 688 869 illum,
704 797 778 872 quo
796 768 1007 845 defendente
1034 774 1182 849 vincere
1198 776 1248 849 di-
1272 839 1277 849 .

236 900 327 974 dicil
351 903 409 975 An
434 926 572 997 verear,
604 925 668 995 ne,
699 899 758 998 qui
789 897 1157 996 potentissimoruml
1181 900 1246 973 lro-

234 1029 371 1099 minum
395 1026 693 1125 conspirationem
719 1021 910 1120 neglexerit
932 1048 1001 1124 pro
1018 1049 1099 1096 mea
1116 1024 1244 1125 salute,

233 1154 283 1251 is,
308 1178 374 1251 pru
399 1151 536 1224 horrore
562 1174 660 1245 meo,
693 1147 900 1247 pusillorum
928 1173 972 1220 ac
995 1148 1245 1233 malivolorum

235 1278 511 1352 obtrectationes
544 1290 581 1347 ct
612 1273 766 1347 invidias
803 1299 877 1347 non
908 1287 1114 1374 prosternat
1139 1289 1244 1377 atque

235 1402 428 1477 obteratl⁵
454 1404 592 1500 Quare,
615 1401 645 1473 si
670 1424 745 1497 me,
769 1401 862 1473 sicut
884 1398 977 1472 soles
992 1401 1021 1498 ⁶,
1045 1424 1164 1498 amas,
1186 1428 1245 1473 sn·

234 1529 333 1627 scipe
356 1553 414 1599 mc
439 1540 575 1623 totum,
601 1538 706 1631 atque
731 1524 823 1624 hoc,
855 1523 1024 1626 quicquid
1047 1537 1104 1597 est
1127 1527 1244 1599 oneris

235 1677 279 1725 ac
304 1652 474 1749 muneris,
510 1675 577 1749 pro
609 1676 689 1723 mea
719 1650 889 1748 dignitate
913 1646 979 1723 tibi
1003 1648 1179 1723 tuendum
1202 1636 1264 1723 ac⁵

236 1776 480 1849 sustinendum
505 1790 601 1875 puta.
633 1777 731 1875 Scis,
763 1801 878 1849 meum
901 1774 1099 1874 fortunam,
1120 1776 1244 1849 nescio

237 1901 433 2003 quomodo,
458 1899 559 1973 facilc
585 1900 839 1975 obtrectatores
865 1902 1037 1974 invenire:
1062 1926 1139 1973 non
1163 1924 1243 1973 meo

238 2026 397 2130 quidem,
424 2025 656 2125 mehercules,
679 2028 824 2124 merito,
847 2026 912 2099 sed
934 2025 1058 2129 quanti
1074 2024 1115 2097 id
1129 2024 1245 2123 refert,

236 2152 268 2227 si
293 2166 429 2252 tamen,
454 2151 527 2224 fato
553 2154 673 2225 nescio
698 2177 786 2253 quo,
801 2148 948 2225 acciditl
972 2150 1009 2223 Si
1035 2151 1129 2251 quir
1157 2150 1244 2223 forte

236 2278 359 2379 fuerit,
383 2279 443 2380 qui
468 2293 609 2351 nostrae
637 2278 797 2377 dignitati
822 2278 947 2351 obesse
971 2274 1081 2374 velit,
1112 2288 1242 2377 petoa

237 2419 292 2505 te,
316 2419 357 2479 ut
382 2420 479 2479 tuam
510 2405 800 2479 consuetudinem
835 2416 872 2477 et
902 2401 1182 2476 liberalitatem⁸
1207 2402 1244 2473 in

237 2556 295 2604 me
321 2532 466 2605 absente
493 2532 716 2605 defendendo
741 2528 826 2602 milri
851 2542 1017 2629 praestes.
1041 2529 1180 2601 Literas
1199 2526 1243 2598 ad

237 2671 400 2729 senatum
426 2657 471 2729 de
497 2657 600 2729 rebus
632 2658 761 2730 nostris
793 2656 917 2754 gestis,
949 2679 1019 2755 quo
1045 2653 1243 2752 exemplo⁹

238 2781 424 2879 miseram,
449 2782 538 2854 infra
564 2782 630 2855 tibi
656 2783 853 2882 perscripsi.

290 2931 314 2978 a
338 2904 476 2978 Dicitur
499 2904 585 2979 milri
612 2922 692 2981 tuus
718 2934 840 2981 servus
870 2918 1080 3005 anagnostes
1099 2920 1129 2955 ¹⁰
1154 2902 1243 3001 fugi-

238 3028 334 3100 tivus
360 3055 441 3100 cum
465 3031 637 3106 Vardaeis
663 3060 761 3106 esse:
799 3033 844 3105 de
876 3057 947 3134 quo
977 3045 1015 3103 tu
1042 3029 1131 3102 mihi
1155 3026 1243 3100 nihil

237 3152 437 3253 mandasti,
473 3184 537 3254 ego
564 3173 702 3258 tamen,
733 3173 822 3232 terra
849 3159 1005 3258 marique
1030 3169 1071 3228 ut
1097 3155 1242 3255 conqui-

238 3292 392 3378 reretur,
416 3283 688 3384 praemandavi,
721 3299 757 3357 et
789 3283 947 3384 profecto
973 3282 1039 3356 tibi
1063 3281 1162 3352 illurn
1188 3305 1240 3351 re-

237 3408 386 3505 periam,
410 3408 476 3480 nisi
502 3409 533 3480 si
557 3410 593 3480 iu
614 3425 641 3460 ¹¹
667 3411 879 3484 Dalmatiam
897 3409 1077 3507 aufugerit
1094 3409 1144 3478 Et
1159 3405 1241 3478 iude

239 3543 355 3603 tamen
383 3531 572 3633 aliquando
599 3562 729 3609 eruam.
754 3535 811 3608 Tu
838 3561 903 3610 uos
928 3535 983 3606 fac
1012 3559 1116 3605 ames.
1142 3530 1239 3603 Vale.

237 3656 278 3728 A.
306 3656 337 3726 d.
364 3658 449 3729 V¹²
474 3658 558 3732 Idus
584 3661 777 3762 Quintiles,
802 3689 845 3736 ex
870 3661 1015 3760 castris,
1040 3658 1181 3732 Narona
1202 3657 1239 3723 ¹³.
