2648 4822
230 434 301 485 200
468 430 636 479 errsronn
662 430 789 499 nnrxr,
815 392 955 477 onxirvr.
1012 428 1089 477 nr.
1108 431 1136 477 c.
1155 428 1203 491 7⁰⁸

226 548 405 636 putaram,
429 532 526 633 quod
550 532 687 629 scribis,
703 546 759 629 ut,
783 557 889 631 quurn
918 532 1097 627 ingenium
1122 533 1226 605 amici

225 661 370 736 nostri⁸
395 656 618 758 probaretur,
651 660 796 736 ὑπόθεσις
829 655 1053 757 vituperandi
1077 657 1226 732 Catonis

227 786 437 861 irrideretur.

621 1030 823 1110 DLXXVL
942 1076 997 1134 (ur
1012 1075 1063 1123 tu.
1080 1070 1201 1136 ximo)

225 1216 445 1297 Argrmrentrrm.
466 1215 578 1276 Scribit
598 1236 628 1275 se
649 1216 786 1275 Lanuvio
800 1217 830 1274 in
844 1214 1049 1274 Tusculanum
1064 1217 1223 1275 oriturum.

341 1423 395 1475 Sor.
412 1424 440 1474 in
458 1423 556 1474 Arriieti
577 1424 607 1472 t.
625 1420 657 1473 V.
676 1421 705 1473 C.
723 1419 876 1485 DCCVIH,
893 1438 933 1489 pr.
955 1420 993 1471 ld.
1011 1420 1106 1474 lunius.

536 1614 679 1681 ctcnuo
704 1616 854 1682 ATTICO
880 1617 910 1679 S.

271 1829 439 1928 Vincam,
463 1830 608 1929 opinor,
630 1830 805 1926 animum,
830 1842 866 1901 et
890 1829 1051 1904 Lanuvio
1076 1854 1221 1931 pergam

221 1960 260 2032 in
284 1955 522 2030 Tusculanum
540 1972 563 2025 ¹.
595 1956 667 2030 Aut
698 1957 793 2029 enirn
824 1955 910 2028 mihi
942 1958 980 2029 in
1010 1969 1219 2057 perpetuum

222 2084 333 2157 fundo
357 2082 420 2156 illo
446 2081 636 2156 carendum
672 2096 726 2156 est
758 2092 869 2171 (nam
902 2076 1003 2158 dolor
1026 2084 1121 2157 idem
1146 2110 1222 2158 ma·

223 2208 338 2307 nebit,
363 2222 498 2282 tantum
524 2206 736 2282 mediocrius
749 2225 765 2257 ²
781 2220 805 2308 );
828 2222 890 2282 aut
913 2211 1032 2284 nescio
1060 2210 1145 2311 quid
1169 2212 1224 2285 in·

222 2334 343 2433 tersit,
377 2349 494 2408 utrum
524 2334 606 2408 illuc
631 2360 725 2410 nunc
750 2337 888 2409 venium
900 2391 911 2436 ,
949 2361 994 2409 an
1028 2336 1074 2410 ad
1099 2336 1221 2410 decern

220 2484 343 2535 annos.
368 2459 490 2561 Neque
515 2462 609 2533 enim
633 2462 701 2536 ista
726 2463 836 2535 maior
861 2461 1056 2535 admonitio
1068 2462 1095 2560 ³,
1115 2487 1221 2564 quam

220 2586 346 2687 quibus
371 2585 509 2658 assidue
535 2589 703 2662 conficior
733 2603 769 2660 et
807 2586 880 2661 dies
905 2601 941 2660 et
965 2602 1097 2662 noctes.
1122 2588 1221 2681 Quid

219 2709 325 2807 ergo?
349 2710 502 2810 inquies:
527 2710 612 2782 nihil
633 2710 795 2785 literaett
808 2714 911 2786 -In
929 2712 995 2785 hac
1014 2713 1155 2814 quidem
1171 2738 1222 2811 re,

217 2858 342 2907 vereor
365 2859 411 2905 ne
436 2836 541 2906 etiam
568 2848 698 2909 contra.
724 2837 814 2910 Nam
840 2864 951 2911 essem
983 2836 1129 2912 fortusse
1155 2839 1220 2912 du·

217 2957 290 3031 rior
309 2960 333 3028 ⁵.
360 2960 467 3032 Ιεῑο6
492 2959 585 3034 enim
611 2962 729 3035 animo
754 2963 843 3036 nihil
869 2978 1024 3063 agreste,
1052 2964 1139 3039 nihil
1163 2965 1218 3038 in·

217 3080 412 3158 humanum
437 3100 499 3158 est.

605 3338 824 3413 DLXXVII.
937 3383 993 3440 (rr
1010 3382 1059 3430 tu.
1077 3382 1136 3442 xri,
1150 3383 1194 3439 η)

217 3508 438 3589 Argumentum.
459 3515 505 3574 De
526 3514 677 3576 Clodianis
698 3516 792 3578 hortis
812 3518 958 3591 emendis,
980 3519 1107 3599 aliisque
1129 3516 1219 3579 rebus

256 3612 399 3679 breviter.
