2648 4822
170 419 218 491 26
517 433 687 482 marcu
712 431 807 477 nxxr.
944 429 976 476 Δ.
991 431 1028 477 r.
1044 433 1075 477 c.
1093 429 1142 491 pt

217 545 241 636 4
272 542 459 612 Oratorem
494 564 611 609 meum
630 551 661 584 ¹¹
687 547 871 630 tantopere
907 558 928 602 a
960 547 997 603 te
1022 532 1164 630 probari

166 670 393 740 vehementer
424 663 568 763 gaudeo.
600 663 688 734 ,llibi
722 660 864 761 quidem
883 661 914 708 ¹³
938 661 989 730 sic
1021 686 1164 758 persua·

167 795 252 892 deo,
276 821 349 889 me,
374 790 542 892 quicquid
565 788 748 860 habuerim
779 786 899 857 iudicii
925 785 970 856 de
996 784 1163 883 dicendo,

164 923 202 993 in
227 921 324 992 illum
350 919 478 990 librum
504 915 700 988 contulisse.
733 915 804 1004 Qui
829 916 858 984 si
884 927 935 984 est
962 911 1057 1008 talis,
1083 939 1164 1012 qua·

163 1046 234 1118 lem
257 1046 323 1118 tibi
347 1044 459 1116 rideri
478 1043 617 1138 scribis,
633 1067 699 1139 ego
715 1038 900 1140 quoque¹l
917 1038 1051 1139 aliquid
1066 1067 1160 1135 sum,

163 1174 218 1244 siu
242 1171 365 1268 aliter,
399 1196 473 1242 non
509 1194 657 1264 recuso,
690 1168 796 1267 quin,
831 1179 1003 1266 quantum
1029 1165 1075 1236 de
1098 1165 1159 1236 illo

161 1295 268 1394 libro,
293 1296 513 1368 tantumdem
538 1295 583 1366 de
608 1296 678 1364 mei
704 1291 821 1362 iudicii
839 1291 929 1362 lama
948 1290 1160 1363 detrahatur.

160 1425 311 1521 Leptam
343 1436 503 1495 nostrum
522 1423 552 1469 ¹⁵
589 1422 695 1518 cupio
733 1417 899 1490 delectari
932 1419 1003 1491 iam
1035 1417 1159 1489 talibus

162 1550 310 1646 scriptis
335 1549 413 1620 Etsi
438 1546 538 1618 abest
561 1547 744 1616 maturitas
768 1546 913 1639 aetatis,
943 1546 1015 1616 iam
1044 1558 1159 1615 tamen

161 1700 351 1773 personare
374 1699 474 1745 aures
499 1675 574 1743 eius
598 1671 801 1743 huiusmodi
824 1670 989 1767 vocibus,
1007 1696 1083 1742 uou
1108 1684 1160 1742 est

162 1799 293 1872 inutile.

211 1926 233 1997 5
259 1925 318 1996 ble
343 1926 475 1995 Romae
499 1926 612 1996 tenuit
637 1924 782 1996 omniuo
798 1923 935 1993 Tulliae
958 1947 1059 1993 meae
1084 1949 1158 2021 pan

159 2065 216 2122 tus
236 2054 273 2121 ¹⁶.
299 2050 370 2121 Sed
395 2078 504 2150 quum
529 2077 589 2147 ea,
614 2049 912 2150 quemadmodum
937 2075 1057 2147 spero,
1076 2052 1156 2122 satis

158 2178 257 2250 firma
282 2177 344 2248 sit:
370 2190 493 2248 teneor
518 2191 654 2272 tamen,
686 2176 769 2247 dum
804 2201 822 2246 a
848 2174 1051 2246 Dolabellae
1076 2201 1156 2275 pro-

158 2301 376 2375 curatoribus
401 2303 537 2400 exigam
562 2303 710 2401 primam
733 2304 941 2402 pensionem
955 2319 1003 2400 123
1018 2316 1073 2402 et,
1089 2329 1157 2375 me·

156 2426 316 2527 bercule,
340 2455 413 2503 uon
440 2442 512 2501 tam
529 2455 607 2501 sum
622 2430 864 2529 peregrinator
877 2431 963 2528 iam,
979 2456 1087 2531 quam
1103 2454 1156 2502 so-

23 2566 28 2577 '
155 2552 280 2635 lebam
305 2554 473 2627 Aedificia
499 2582 577 2627 mea
591 2557 623 2605 ¹⁸
642 2583 699 2627 me
725 2555 965 2654 delectabant,
982 2569 1019 2628 et
1035 2557 1154 2628 otium

156 2679 292 2750 Domus
316 2693 387 2776 cut,
424 2706 513 2779 quae
546 2680 632 2752 nulli
665 2681 825 2755 villarum
849 2708 1005 2756 meuntm
1031 2683 1156 2757 cedat:

156 2803 286 2898 otium,
318 2805 416 2874 omni
448 2803 680 2878 desertissima
712 2809 853 2905 regione
883 2810 1004 2880 maius
1030 2810 1152 2910 Itaque

154 2950 200 3000 ue
224 2926 345 3001 literae
370 2929 511 3030 quidem
543 2957 642 3003 meae
673 2934 928 3034 impediuntur,
963 2935 1001 3006 in
1026 2934 1151 3035 quibus

152 3055 229 3128 siue
253 3054 322 3127 ulla
347 3056 627 3156 interpellatione
652 3087 763 3134 verso.
779 3062 915 3158 Quare,
930 3074 971 3132 ut
988 3060 1151 3156 arbitror,

153 3181 250 3281 prius
275 3181 332 3255 hic
358 3195 394 3254 te
419 3209 502 3281 uos,
517 3212 623 3286 quam
640 3187 721 3260 istic
739 3202 776 3259 tu
793 3213 859 3261 nos
876 3186 1020 3259 videbis.
1037 3189 1148 3286 Lepta

150 3307 377 3382 suavissimus
403 3309 536 3384 ediscat
560 3313 773 3412 Hesiodum,
797 3328 834 3388 et
857 3312 987 3387 babeat
1011 3313 1050 3384 in
1075 3338 1149 3408 ore,

149 3435 213 3512 tn
237 3433 267 3503 (Υ
294 3445 404 3530 ἀρετῆς
429 3439 542 3532 ἱδρῶτα
559 3453 599 3509 ¹9.
