2648 4822
489 447 528 494 nr
553 446 744 497 rrrsroras
1044 420 1124 530 439

113 571 134 634 9
154 550 284 612 Athenas
305 545 515 632 proficiscenti,
536 571 582 632 ep.
603 550 732 630 DXLII,
753 570 781 611 a.

120 683 155 722 ro
176 660 272 719 Maius
294 670 351 737 est,
372 680 462 739 quam
477 661 500 716 si
515 658 641 719 diceret:
659 679 718 742 pro
738 670 816 720 certo
836 657 946 732 babeo,
967 674 995 721 et
1014 664 1121 742 quavis

155 770 313 851 sponsione
333 766 483 827 contonam.

120 900 151 938 ιι
176 877 279 938 Lamb.
300 876 450 958 reficietur⁸

121 1008 155 1047 η
178 985 309 1063 Scilicet,
324 984 516 1045 tabernarum
530 985 560 1042 in
573 982 705 1063 Argileto
719 993 750 1043 et
764 984 917 1044 Aventino.
933 983 1015 1044 Tum
1027 998 1123 1067 quara·

156 1097 192 1172 ti,
205 1115 244 1154 sc.
256 1092 433 1153 conducant
447 1091 520 1150 Mox
533 1091 638 1152 Lamb.
652 1104 685 1151 ut
696 1092 767 1166 sint,
782 1093 837 1174 qui
847 1090 893 1152 ad
905 1089 984 1152 mem
998 1092 1121 1156 solvant.

119 1205 153 1263 13
175 1204 323 1261 Pecuniae
344 1200 453 1260 seilicet
473 1198 512 1258 ad
532 1202 611 1260 viam
632 1198 816 1282 faciendam,
837 1220 884 1282 ep.
906 1185 1101 1281 cemma

577 1441 654 1504 DLI.

121 1656 131 1694 1
157 1635 198 1694 Vt
212 1633 341 1693 Athenas
355 1632 507 1692 literarum
522 1651 610 1692 causa
623 1629 836 1713 proficiscatur.
858 1631 976 1694 Mamu-
1000 1632 1123 1718 Comes,

158 1745 296 1802 comitem
317 1742 494 1800 Montanum
514 1743 647 1800 nominat
667 1762 713 1822 ep.
734 1742 906 1801 DLXXXH
926 1744 988 1803 init.

116 1872 135 1911 2
156 1851 320 1929 Exigamus
350 1853 478 1931 primam
509 1851 681 1931 pensionem
714 1850 790 1910 dotis
821 1872 839 1910 a
866 1850 1022 1911 Dolabella
1052 1850 1123 1934 (ep.

156 1960 256 2017 Dxxt
269 2004 278 2036 ,
304 1957 345 2038 5)
373 1969 460 2037 ante,
487 1978 578 2038 quarn
604 1957 779 2018 Ciceronem
803 1958 934 2019 Athenas
961 1962 1122 2018 mittamus.

157 2067 249 2127 Adest
270 2068 348 2125 enim
370 2064 432 2124 dies
453 2065 620 2146 solutionis,
647 2069 788 2125 nimirum
815 2055 881 2126 Kal.
909 2065 1071 2144 Quintiles:
1094 2074 1125 2125 et

157 2174 267 2232 Caesar
288 2194 324 2231 ex
346 2172 487 2254 Hispania
507 2172 638 2232 reditum
659 2172 817 2252 accelerat,
839 2176 887 2233 cui
901 2172 1056 2232 Dolabella
1071 2172 1126 2232 ob-

157 2284 235 2341 viam
257 2280 318 2340 ibit.
340 2282 465 2361 Popma.
488 2279 570 2339 Haec
591 2278 696 2339 eadem
718 2292 761 2339 est
781 2284 925 2339 sententia
951 2278 1124 2361 Mongaltii3

157 2400 188 2448 at
207 2389 374 2466 Manutius,
395 2388 541 2447 Graevius
563 2398 593 2447 et
613 2387 767 2451 Emostius
781 2386 856 2447 baec
870 2390 968 2446 omnia
982 2391 1127 2467 interpre-

158 2507 258 2555 tantur
279 2495 316 2555 de
339 2496 481 2578 Caesare,
502 2494 585 2577 quod
606 2505 707 2556 tamen
721 2495 886 2578 appellatae
901 2494 1059 2576 epistolae,
1071 2491 1133 2553 ubi

159 2615 202 2663 est
223 2615 325 2685 aperta
346 2606 457 2664 mentio
479 2602 517 2662 de
537 2605 695 2685 pensione,
715 2623 776 2662 non
798 2605 943 2663 convenit.

118 2710 136 2769 3
158 2711 267 2771 Facete
295 2711 400 2770 Cicero
427 2709 504 2770 ludit
528 2713 559 2769 in
586 2709 734 2769 vocabulo
761 2709 871 2791 campi.
902 2707 1126 2768 Foenieularius

159 2839 281 2899 campus
307 2821 422 2878 eratin
444 2818 593 2899 Hispania.
622 2818 726 2898 itaque
751 2815 799 2876 vel
826 2814 884 2876 hoc
910 2817 995 2878 dicit:
1023 2823 1132 2877 unuin

160 2926 270 2984 Caesar
283 2924 397 2985 bellum
410 2928 440 2984 in
455 2925 595 3007 Hispania
610 2929 647 2985 sit
659 2936 869 3007 persecuturus
880 2928 943 3008 (ep.
954 2923 1068 3009 Dxxt,
1079 2926 1127 3010 a),

159 3055 196 3091 an
217 3034 344 3091 Romam
367 3033 406 3092 ad
427 3033 555 3093 Comitia
574 3044 732 3114 venturus3
753 3032 799 3094 vel
820 3033 921 3115 paullo
943 3033 1001 3094 alio
1023 3052 1126 3096 sensu:

158 3151 261 3198 utrum
283 3138 455 3199 candidatos
476 3143 507 3199 in
521 3162 660 3222 eampum
673 3140 932 3223 Foenicularium,
954 3164 991 3200 an
1006 3144 1035 3200 in
1050 3160 1137 3202 eam·-

157 3267 232 3328 pum
252 3246 395 3306 Martium
418 3268 544 3309 evocare
564 3251 688 3330 cogitet,
710 3248 801 3329 idest,
822 3260 924 3308 utrum
946 3247 1070 3308 liberam
1092 3251 1135 3308 s‘it'

159 3357 348 3434 magistratus
380 3355 500 3415 creandi
531 3367 708 3438 potestatem
739 3358 956 3439 permissurus,
986 3377 1042 3415 nee
1071 3354 1134 3415 uei

161 3461 279 3521 Sebiitz.

119 3566 140 3640 4
161 3566 194 3624 ln
217 3566 394 3630 deducendo
413 3569 514 3653 aliquo
528 3569 703 3652 candidato,
724 3574 775 3652 qui
790 3570 883 3631 Piliae
905 3580 1049 3650 cognatus
1062 3567 1128 3629 fuit.
1155 3595 1158 3599 ’

166 3671 289 3733 Corrad.
