2648 4822
223 413 299 489 312
569 432 738 483 urrinni
770 433 884 482 nem,
1012 434 1044 481 a
1061 435 1094 480 v.
1113 438 1144 482 c.
1161 431 1209 496 με

221 535 355 612 multos
378 533 487 607 libror
512 536 753 634 surripuisset,
770 560 836 606 nec
853 559 891 606 se
907 536 1052 633 impune
1078 535 1233 610 laturum

221 673 380 764 putaret,
402 659 545 758 aufugit
571 660 610 733 Ia
632 674 688 733 est
710 662 749 731 in
773 660 958 760 provincia
982 675 1053 732 ma.
1078 663 1174 735 Enni
1198 679 1236 737 et

222 786 272 861 Μ
297 784 471 886 Bolanur,
495 783 676 860 familiaria
704 810 821 884 mens,
851 801 888 858 at
911 784 1014 859 multi
1041 785 1099 858 alii
1123 787 1235 862 Naro·

224 932 293 986 nae
319 909 493 984 videan
532 909 604 984 sod
640 935 750 1012 quum
782 937 821 983 ne
853 933 957 984 ame
983 914 1236 986 manumissum

223 1035 745 1135 eredideret‚eredideinnt
772 1035 1235 1112 Hunetnrimihireeti·

223 1161 399 1240 mendum
423 1165 573 1261 curaris,
596 1186 671 1236 nnn
694 1187 841 1262 poenum
866 1161 998 1260 didere,
1014 1188 1122 1263 quam
1147 1163 1235 1236 mihi

224 1300 364 1392 gratnm
388 1287 544 1364 futurum
571 1290 629 1361 rit
662 1289 733 1361 Rea
764 1287 843 1388 ipsa
868 1312 1004 1388 parva,
1035 1288 1100 1360 aed
1127 1291 1234 1363 animi

224 1415 295 1508 inei
321 1413 425 1489 dolor
448 1439 597 1513 magnus
622 1427 686 1487 est
703 1411 778 1486 Vbi
794 1415 858 1509 ait,
880 1426 918 1485 et
943 1412 1031 1514 quid
1055 1415 1131 1485 fieri
1155 1439 1236 1514 poa·

224 1540 290 1638 ait,
315 1539 470 1616 Bolanus
495 1553 531 1614 te
556 1538 708 1633 docebit
741 1540 819 1638 Ego
851 1541 880 1612 ai
906 1536 1085 1611 hominem
1111 1550 1176 1640 per
1201 1553 1235 1612 te

224 1690 436 1765 recuperato
452 1669 481 1764 ⁶,
519 1690 657 1741 nummo
682 1691 739 1739 me
765 1693 785 1737 a
812 1680 847 1736 te
873 1664 1047 1738 beneficio
1072 1663 1234 1739 affectum

226 1788 434 1865 arbitrabor.

655 2038 807 2117 DGXX·
889 2085 1006 2142 (irari.
1019 2036 1210 2144 animandi)

225 2225 447 2301 Argamoentam.
474 2242 483 2280 r
507 2221 556 2282 De
577 2220 654 2282 urbe
674 2242 729 2304 per
750 2220 964 2284 Atheniensem
996 2221 1158 2304 quemdam
1179 2242 1233 2280 au·

265 2326 382 2409 genda3
403 2347 420 2386 α
441 2328 480 2389 de
500 2326 587 2392 libris
608 2328 794 2390 Academicis
809 2329 941 2390 Varroni
959 2327 1051 2403 datis3
1065 2329 1084 2389 3
1097 2328 1135 2388 de
1149 2327 1232 2387 Bruti

225 2445 228 2453 ’
264 2453 339 2516 erga
360 2454 392 2495 se
412 2454 525 2498 amore.

238 2677 242 2685 -
299 2640 353 2692 Ser.
372 2643 399 2692 in
416 2640 562 2695 Tusculano
582 2645 613 2693 Δ.
632 2640 663 2691 V.
684 2643 711 2694 C.
735 2641 885 2704 dccviii,
905 2639 970 2692 vm
992 2640 1030 2692 id.
1048 2641 1166 2694 Sextiles.

541 2837 686 2901 CICERO
712 2837 864 2902 arrico
889 2837 920 2899 S.

281 3078 294 3124 1
327 3053 358 3122 0
385 3073 459 3122 rein
486 3049 685 3148 indignam!
721 3048 858 3146 gentilis
885 3064 966 3123 tuus
988 3067 998 3101 ¹
1026 3049 1148 3124 urbem
1174 3076 1235 3121 au-

227 3193 302 3280 get,
329 3202 434 3277 quam
460 3176 529 3248 hoc
554 3174 697 3248 biennio
732 3178 884 3275 primum
913 3177 1021 3250 vidit:
1053 3191 1091 3249 et
1115 3179 1147 3247 ei
1173 3202 1235 3273 pa·

225 3320 305 3379 rum
331 3328 457 3402 magna
484 3304 558 3400 visa
585 3316 659 3399 est,
694 3328 783 3402 quae
821 3305 929 3375 etiam
963 3305 1079 3402 ipsum
1111 3326 1237 3400 capere

225 3431 391 3531 potuerit.
417 3428 494 3501 Hac
521 3429 565 3500 de
592 3454 628 3500 re
653 3429 758 3526 igitur
783 3442 950 3528 exspecto
975 3426 1096 3501 literas
1123 3440 1210 3498 tuas.

278 3582 300 3628 2
326 3555 497 3652 Varroni,
522 3553 663 3651 scribis,
689 3548 749 3651 te,¹
766 3553 869 3627 simul
895 3582 936 3627 ac
962 3557 1114 3652 venerit,
1136 3552 1237 3625 datu-

226 3705 306 3755 rum
323 3695 348 3753 ².
373 3680 456 3752 Dari
482 3680 586 3778 igitur
611 3682 680 3752 iam
715 3696 796 3753 sunt
815 3683 840 3778 ³3
874 3707 940 3752 nec
972 3679 1036 3753 tibi
1055 3659 1237 3776 'integrum

226 3819 297 3880 est:
323 3804 399 3902 hui,
426 3807 455 3879 si
481 3808 570 3880 scias
598 3821 731 3908 quanto
757 3806 914 3906 periculo
943 3806 1057 3881 troii
1084 3819 1145 3878 aut
1171 3805 1238 3881 for-

218 3914 319 4007 'tniae
346 3932 467 4008 literae
486 3959 583 4007 meae
602 3948 635 4041 te
655 3932 885 4009 retardarunt.
906 3933 1052 4008 Sedeas
1078 3931 1237 4007 nondum
