2648 4822
237 403 304 496 ¹4²
567 412 737 464 eersronn
763 415 873 461 narrt.
1002 416 1034 465 a.
1052 413 1086 460 v.
1103 413 1134 458 c.
1155 411 1201 474 ,οι

229 527 273 600 iis
297 522 417 622 rebus,
442 545 532 622 quae
556 518 615 592 hic
640 531 828 617 gematur,
861 512 1226 618 quemadmodumque

231 666 269 727 te
293 627 474 753 provincia
499 646 640 745 habeat,
665 646 849 718 certiorem
873 642 1008 715 faciam.
1035 641 1136 714 Vale.

647 896 808 972 DLVIII.
980 938 1033 996 (aa
1048 937 1101 984 uss.
1120 937 1151 997 v,
1163 937 1205 992 ιλ)

230 1083 453 1162 Argumentum.
473 1075 680 1138 Consolationi
701 1072 877 1156 respondet,
901 1095 963 1155 que
992 1095 1024 1135 se
1050 1075 1128 1133 mire
1146 1072 1227 1142 leve-

269 1199 334 1249 tum
355 1208 418 1249 esse
440 1187 562 1259 fatetur,
583 1195 617 1245 ut
636 1184 707 1245 forti
727 1184 829 1247 animo
849 1183 902 1253 sit,
932 1183 989 1242 etsi
1014 1180 1052 1243 ue
1073 1178 1228 1263 republica

246 1294 436 1376 aespmu

246 1513 249 1519 “
274 1502 279 1510 “
375 1501 429 1553 Scr.
448 1501 556 1551 Asturae
573 1498 605 1551 A.
623 1498 657 1550 V.
675 1498 704 1550 C.
723 1496 872 1567 DCCVlH,
890 1512 977 1550 mente
992 1450 1087 1569 Aprili.
1161 1552 1164 1557 ,

292 1684 296 1692 ’
346 1699 390 1762 u.
415 1699 452 1761 r.
477 1697 621 1762 crcrao
645 1696 680 1761 L.
704 1622 878 1766 rreciro
902 1698 940 1776 o.
965 1697 999 1760 r.
1023 1696 1117 1797 su.
1184 1663 1185 1666 ‘

219 1964 249 1979 ..
280 1907 502 2006 Quamquam
534 1905 612 2005 ipsa
645 1901 840 1978 consolatio
877 1900 1055 1977 literarum
1092 1916 1229 1977 tuarum

229 2032 315 2106 milri
341 2032 532 2130 gratissima
566 2045 640 2104 est:
674 2030 829 2104 declarat
854 2030 945 2103 enim
971 2056 1147 2107 summam
1169 2030 1229 2123 be-

217 2158 457 2233 'nivolcutiam
483 2159 707 2232 coniunctam
741 2160 818 2258 pari
849 2157 1086 2257 prudentia&
1112 2169 1228 2235 tarncu
1275 2253 1279 2266 ι

226 2283 326 2367 illum
358 2285 508 2359 fructum
542 2311 585 2359 ex
616 2286 658 2357 iis
690 2284 799 2357 literis
825 2283 880 2357 vel
915 2285 1102 2356 maximum
1126 2286 1230 2386 cepi,

229 2412 326 2517 quod
358 2428 393 2485 te
426 2411 604 2514 praeclare
636 2436 691 2485 res
724 2410 894 2484 humanas
924 2396 1230 2509 contemnentem,

215 2518 266 2613 'et
290 2539 423 2639 optime
450 2554 572 2613 contra
598 2538 773 2612 fortunam
801 2553 961 2639 paratum
990 2538 1229 2641 armatumque

214 2666 390 2762 :cognovi
416 2666 533 2757 Quam
559 2664 701 2766 quidem
727 2664 867 2739 laudem
896 2656 1089 2766 sapientiae
1114 2679 1229 2743 statuo

213 2814 304 2863 -esse
330 2791 539 2888 maximam,
571 2816 644 2864 uon
679 2790 819 2865 aliunde
852 2791 1006 2891 pendere
1024 2809 1051 2891 ²,
1082 2818 1148 2866 nec
1173 2819 1230 2865 ex·

230 2916 401 2988 trinsecus
438 2929 500 2989 aut
530 2916 621 2991 bene
654 2932 715 2991 aut
751 2918 841 2991 ruale
867 2918 1009 2993 vivendi
1044 2942 1229 3018 suspensas

222 3040 359 3113 ‘habere
384 3042 545 3115 rationes.
572 3046 672 3136 Quae
698 3044 1020 3144 cogitatio‚·quum
1047 3044 1134 3116 mihi
1158 3070 1229 3117 nou

230 3169 375 3242 omnino
402 3169 617 3243 excidissct³
650 3172 806 3259 (etcum
838 3172 979 3271 penitus
1011 3161 1230 3268 insederat),

224 3292 265 3368 'vi
292 3310 407 3369 tamen
434 3311 684 3399 tempestatum
711 3312 746 3370 et
772 3296 973 3382 concursui
994 3296 1231 3370 calamitatum

207 3437 305 3523 :erat
330 3423 545 3529 aliquantum
581 3422 788 3498 labefactata
825 3439 929 3527 atque
960 3406 1161 3529 corirulsaz‘
1176 3424 1230 3497 cui

230 3561 265 3620 te
290 3549 453 3649 opitulari
482 3566 517 3624 et
542 3551 665 3651 video⁷
680 3566 716 3623 et
733 3551 770 3623 id
787 3550 907 3624 secisse
934 3551 1038 3624 etiam
1066 3552 1225 3651 proximis

228 3672 336 3746 literis
352 3677 377 3775 ⁵,
403 3676 621 3780 multumque
648 3678 837 3778 profecisse
862 3678 986 3753 sentio.
1012 3679 1136 3779 Itaque
1162 3677 1223 3749 hoc

229 3802 367 3899 saepius
394 3801 600 3903 dicendum,
626 3805 758 3907 tibique
784 3832 856 3878 nou
882 3804 1150 3903 significandum
1168 3823 1223 3868 ⁵0·

229 3923 318 4024 lum,
344 3928 406 4000 sed
432 3930 538 4002 etiam
565 3930 814 4006 declarandum
842 3931 1009 4005 arbitror:
1033 3930 1120 4003 nihil
1139 3921 1221 3994 milti
