2648 4822
249 402 318 481 130
407 476 411 483 ¹
572 413 743 470 eeteros-t
767 416 847 464 nur.
1020 415 1217 480 nucem

243 527 313 605 tuis
337 549 427 596 unus
451 534 559 621 esset3
584 533 620 593 et
644 520 673 592 si
698 519 749 591 uti
775 515 1140 596 commendationibus
1168 521 1239 595 vel·

243 653 311 754 let,
344 651 449 724 etiem
482 674 546 750 per
579 645 666 721 alios
699 670 779 718 eum
813 643 976 717 videbam
1009 643 1047 717 id
1073 648 1239 749 consequi

244 804 358 884 posse.
385 775 642 851 Testimonium
668 771 763 848 meit
791 769 835 843 de
861 796 904 846 eo
928 770 1066 873 iudicii,
1091 772 1190 875 quod
1206 787 1241 850 et

243 906 320 1008 ipse
354 905 469 1003 magni
503 899 730 998 aestimabat,
768 912 804 971 et
834 923 899 997 ego
932 898 1027 999 apud
1063 913 1097 972 te
1127 899 1240 974 valere

244 1058 340 1106 eram
372 1043 551 1132 expertus,
588 1030 620 1106 ei
651 1025 801 1103 libenter
836 1024 927 1102 dadi.
958 1027 1113 1106 Doctum
1138 1027 1242 1127 igitur

243 1154 423 1232 hominem
455 1157 631 1258 cognovi,
664 1169 700 1228 et
732 1151 855 1227 studiis
887 1154 1029 1255 optimis
1062 1153 1244 1254 deditum,

244 1271 350 1391 idque
375 1311 395 1359 a
420 1309 540 1386 puero.
578 1281 670 1359 Nam
702 1279 799 1361 domi
836 1307 935 1362 meae
970 1307 1050 1354 cum
1083 1260 1240 1356 Diodoto

245 1409 382 1509 Stoico,
406 1409 567 1511 homine,
592 1423 671 1483 meo
697 1394 851 1508 iudicio,
875 1405 1129 1507 enaditissimo,
1153 1404 1242 1479 mul-

244 1546 321 1619 tum
345 1564 365 1610 a
390 1561 501 1637 puero
526 1536 600 1610 fuit
636 1535 739 1610 Nunc
773 1549 906 1636 autem,
936 1535 1100 1613 incensus
1124 1532 1242 1609 studio

244 1678 360 1737 rerum
394 1677 554 1762 tuarum,
589 1688 648 1735 eas
679 1661 788 1736 literis
813 1663 956 1736 Graecis
987 1656 1156 1740 mandare
1183 1686 1243 1733 cu·

244 1788 298 1891 pit
315 1789 339 1860 ⁸.
364 1789 474 1862 Posse
499 1788 666 1862 arbitror:
691 1788 786 1863 valet
809 1789 969 1888 ingenius
994 1785 1102 1860 babet
1126 1811 1243 1860 usuma

245 1913 317 2007 iam
342 1913 479 2014 pridem
503 1916 541 1989 in
567 1940 610 1989 eo
635 1941 761 2016 genere
783 1915 892 1990 studii
907 1915 1155 2018 literarumque
1171 1941 1244 1988 ven

248 2052 364 2128 satur:
404 2041 600 2116 satisfacere
637 2042 891 2117 immortalitati
928 2041 1072 2118 laudum
1107 2019 1252 2117 tuarum'

243 2158 453 2240 mirabiliter
478 2170 585 2270 cupit.
616 2169 736 2244 Habes
766 2170 941 2271 opinionis
967 2194 1064 2242 meac
1089 2169 1244 2245 testimo«.

247 2292 362 2393 nium5
380 2294 443 2367 sed
468 2309 505 2368 tu
533 2295 603 2368 hoc
629 2295 761 2372 facibus
785 2297 896 2370 multo
922 2323 987 2398 pro
1007 2311 1067 2370 tua
1084 2288 1246 2396 singulari

242 2418 429 2517 prudentia
458 2422 643 2497 iudicabis.
667 2425 716 2496 Et
742 2438 875 2520 temen,
901 2423 998 2524 quod
1021 2449 1245 2522 negaveram,

243 2546 457 2626 commendo
484 2549 548 2621 tibi
576 2575 665 2623 eum.
691 2549 871 2650 Quicquid
895 2551 927 2622 ei
952 2548 1244 2647 commodaveris,

244 2669 310 2741 erit
334 2670 406 2742 ida
430 2675 597 2747 maiorem
624 2677 659 2747 in
687 2676 830 2748 modum
858 2687 1004 2774 gratum.

679 2929 805 3005 DLVI·
879 2972 1223 3034 (Adtraxtttnttmul)

245 3100 462 3206 Argumentum.
488 3125 498 3164 1
524 3106 635 3168 Scribit
649 3129 682 3170 re
697 3111 726 3169 in
743 3110 828 3171 Sicae
842 3108 1051 3170 suburbanum
1067 3120 1247 3182 ventarum

285 3226 302 3264 2
321 3207 362 3267 de
379 3209 445 3269 Silii
468 3209 572 3273 bortis.

386 3417 439 3469 Srr.
459 3422 566 3471 Asturoc
584 3423 614 3472 tl.
632 3423 664 3476 V.
683 3424 712 3476 C.
734 3424 887 3489 DCCVlll,
908 3434 994 3476 rurore
1013 3425 1103 3494 Aprili.

556 3620 699 3686 CICERO
723 3623 876 3688 artico
904 3625 934 3685 S.

299 3826 311 3870 1
342 3802 419 3899 Ego
444 3803 501 3876 bic
533 3806 588 3879 vel
622 3809 696 3880 sine
731 3810 839 3880 Sica¹
869 3809 1016 3896 (Tironi
1051 3808 1144 3880 enim
1175 3831 1245 3878 me·

242 3921 308 4003 lius
333 3937 407 4019 est)
433 3928 597 4005 facillime
623 3959 765 4034 possem
793 3960 886 4034 esse,
902 3949 944 4008 ut
967 3936 1004 4007 in
1030 3933 1147 4008 maiis:
1172 3931 1246 4036 scd²
