2648 4822
222 388 297 464 366
560 406 731 458 ninom
758 407 887 458 omn.
1007 407 1039 456 a
1056 411 1092 462 r.
1109 412 1139 460 c
1156 411 1205 475 ,ιο

220 512 446 616 prudentiae,
472 523 533 583 aut
558 513 657 611 sequi
683 512 757 582 eius
783 510 1044 610 anctoritatem,
1061 514 1161 588 cuius
1181 542 1231 590 se·

221 657 316 716 ctam
341 656 447 742 atque
471 640 659 739 imperium
695 665 831 711 summa
864 664 946 711 cum
970 653 1033 711 tua
1059 639 1231 740 dignitate

220 783 361 842 secutus
378 795 415 840 es
422 796 433 866 3
450 780 511 839 aut
529 779 624 839 certe
646 764 696 836 illi
722 767 895 863 integram
919 791 1063 839 omnem
1089 794 1231 842 causam

219 920 405 967 reservare.
431 891 524 964 Illud
557 917 642 965 rero
678 890 839 964 dubitare
874 894 964 975 nors
981 891 1111 992 debes,
1143 896 1230 996 quin

219 1035 293 1093 tarn
319 1046 445 1118 grave,
480 1033 552 1090 tam
579 1019 741 1113 firmum,
767 1031 839 1089 tam
865 1017 1054 1091 honestum
1080 1023 1230 1093 munici-

219 1148 319 1246 pium
344 1146 408 1218 tibi
427 1160 489 1218 too
507 1168 646 1217 summo
663 1143 836 1216 beneficio
853 1146 890 1216 in
910 1159 1124 1244 perpetuum
1140 1146 1228 1220 obli·

218 1274 325 1372 gari⁸
352 1272 444 1344 velis.
477 1270 547 1343 Sed
580 1271 690 1367 haec,
721 1295 812 1370 quae
837 1296 944 1369 supra
968 1273 1101 1370 scripta
1126 1287 1228 1371 sunt,

217 1424 264 1472 eo
286 1404 466 1499 spectant,
491 1412 532 1469 ut
558 1413 592 1469 te
619 1397 740 1469 horter
765 1409 802 1468 et
831 1397 998 1469 suadeam
1015 1414 1041 1466 9.
1081 1397 1228 1500 Reliqua

216 1498 316 1623 sunt,
332 1551 423 1626 quae
448 1525 628 1624 pertinent
653 1521 700 1593 ad
724 1521 940 1620 rogandum:
959 1536 1090 1597 utnon
1113 1523 1230 1597 solum

216 1663 278 1723 tua
303 1676 407 1722 causa
426 1649 490 1722 tibi
508 1649 697 1722 consilium
714 1674 771 1721 me
791 1648 875 1721 dare
892 1662 1014 1750 putes,
1030 1648 1095 1722 sed
1111 1651 1232 1748 etiam,

216 1776 316 1876 qnod
341 1776 425 1847 milri
458 1801 548 1875 opus
583 1779 653 1873 sit,
686 1802 743 1847 me
775 1801 795 1847 a
829 1789 864 1847 te
890 1789 1010 1875 petere
1035 1790 1072 1848 et
1098 1801 1228 1875 rogare.

217 1900 464 1975 Gratissimum
491 1902 597 1999 igitur
630 1901 715 1974 milri
750 1900 889 1999 feceris,
920 1903 949 1973 si
975 1900 1229 1976 Volaterranos

216 2026 380 2101 omnibus
405 2027 510 2099 rebus
535 2029 692 2126 integros
718 2027 981 2127 incolumesque
1009 2053 1085 2100 esse
1110 2028 1230 2101 volue-

217 2155 433 2254 ris.]„Eorum
456 2180 521 2252 ego
537 2170 564 2203 ¹⁰
593 2153 788 2251 domicilia,
813 2153 933 2252 sedes,
948 2179 1041 2253 rem,
1059 2153 1228 2254 fortunas,

215 2305 305 2381 quae
331 2307 351 2351 a
378 2280 444 2352 diis
471 2278 730 2352 immortalibus
756 2292 791 2351 et
818 2305 837 2350 a
863 2280 1174 2378 praestantissimis
1192 2281 1228 2352 iu

213 2419 336 2480 nostra
360 2432 399 2479 re
424 2406 565 2506 publica
593 2404 748 2504 civibus,
774 2430 912 2477 summo
940 2419 1082 2479 sanatus
1108 2431 1227 2507 popu-

213 2531 308 2634 lique
332 2535 482 2606 Romani
508 2527 645 2630 studio,
671 2546 899 2604 conservatae
917 2546 1016 2632 sunt,
1033 2545 1115 2606 tuae
1132 2533 1228 2626 fidei,

212 2658 383 2756 institiae,
406 2658 630 2757 bonitatique
657 2657 878 2731 commendo.
907 2659 944 2730 Si
968 2685 1034 2758 pro
1052 2661 1140 2733 meis
1158 2662 1229 2759 pri·

212 2785 316 2857 stinis
353 2783 481 2883 opibus
520 2782 724 2856 facultatem
761 2785 847 2856 mihi
880 2811 935 2858 res
965 2784 1036 2859 hoc
1066 2800 1227 2885 tempore

214 2909 338 3007 daret,
373 2923 415 2980 ut
450 2911 499 2980 ita
538 2908 725 2982 defendere
764 2937 909 3010 possem
947 2910 1226 3009 Volaterranos,

212 3033 512 3137 quemadmodum
539 3039 709 3108 consuevi
735 3022 827 3109 tueri
853 3037 968 3136 meos,
992 3038 1127 3110 nullum
1154 3039 1228 3112 olli·

85 3239 94 3255 ,
212 3161 323 3261 cium,
347 3161 482 3257 millum
510 3161 660 3264 denique
688 3178 885 3263 certamen,
909 3166 948 3236 in
970 3191 1040 3265 quo
1060 3163 1128 3236 illis
1146 3190 1229 3264 pro·

212 3288 312 3361 desse
329 3315 489 3387 possem,
511 3292 838 3389 praetermitterem.
857 3291 947 3390 Sed,
966 3291 1111 3393 quando
1129 3292 1227 3391 apud

210 3427 248 3486 te
272 3415 497 3487 nihilominus
531 3416 604 3489 hoc
638 3431 798 3517 tempore
832 3417 949 3490 valere
975 3444 1032 3489 me
1058 3416 1229 3518 confid0,

212 3565 317 3641 quam
342 3541 513 3615 valuerim
540 3568 679 3643 semper
704 3543 801 3644 apud
828 3571 969 3617 omnes:
1003 3569 1071 3643 pro
1103 3558 1227 3618 nostra

211 3692 348 3739 summa
373 3669 648 3767 necessitudine,
675 3672 822 3771 parique
848 3673 941 3742 inter
967 3695 1032 3742 nos
1050 3683 1085 3742 et
1102 3683 1227 3743 mutua

210 3789 466 3893 benivolentia,
493 3796 554 3867 abs
581 3809 615 3867 te
642 3812 744 3895 peto,
769 3812 808 3868 ut
834 3800 882 3869 ita
910 3797 953 3870 de
982 3795 1225 3870 Volaterranis

211 3942 380 4017 mereare,
405 3937 445 3994 ut
471 3923 688 4018 existiment,
715 3951 794 3997 eum
823 3926 921 4025 quasi
938 3939 965 3978 ¹¹
987 3923 1108 3996 divino
1139 3949 1226 3996 con·
