2648 4822
556 438 559 443 “
614 442 786 493 urrsrom
812 441 885 490 oet.
1025 438 1056 489 u
1073 440 1109 491 v.
1126 441 1157 490 c.
1175 438 1225 503 qus

688 673 791 746 DCL·
968 712 1022 770 (aa
1037 711 1092 757 mv.
1107 708 1160 769 ιιι,
1178 712 1224 766 ιι)

234 851 456 930 Argumentum.
477 849 654 910 Dolabellae
670 849 841 930 gratulatur
862 848 899 908 de
921 847 1064 911 Baiarum
1087 845 1250 909 salubrita-

276 966 321 1030 te,
343 956 626 1037 oratiunculamque
649 974 707 1036 pro
728 953 876 1015 Deiotaro
898 957 924 1014 ei
946 955 1046 1013 mittit.

310 1162 364 1213 Sor.
383 1164 409 1213 io
429 1163 571 1215 Puteolano
592 1166 620 1212 Δ.
641 1162 672 1212 V.
692 1162 721 1213 C.
741 1160 888 1226 DCCVlll,
907 1176 992 1213 menso
1013 1158 1160 1211 Decembri.

523 1356 667 1422 cresso
693 1340 956 1422 DOLABELLAE

281 1572 450 1647 Gratulor
474 1572 567 1645 Baiis
593 1571 739 1667 uostris3
766 1569 959 1672 siquidem,
975 1583 1016 1642 ut
1032 1567 1181 1669 scribis,
1191 1597 1243 1645 aa·

229 1696 347 1770 lubres
365 1712 510 1798 repente
534 1696 647 1769 factae
673 1711 757 1769 sunt
776 1713 806 1769 ¹:
832 1696 899 1768 uisi
925 1695 1014 1769 sorte
1040 1709 1076 1769 te
1102 1711 1242 1795 amant,

229 1836 266 1895 et
291 1821 355 1893 tibi
381 1838 619 1920 assumantur,
644 1836 681 1895 et
706 1821 861 1921 tamdiu,
878 1821 963 1894 dum
981 1835 1019 1894 tu
1038 1820 1142 1921 ades,
1159 1837 1241 1895 sunt

229 1946 359 2020 oblitae
385 1949 438 2020 sui
456 1964 481 2020 ².
508 1947 616 2039 Quod
642 1948 784 2048 quidem
803 1949 832 2021 si
850 1949 898 2021 ita
916 1960 987 2044 est,
1012 1947 1156 2043 miuime
1174 1950 1239 2019 mi·
1272 1961 1273 1964 ’

226 2097 303 2171 ror,
331 2074 468 2146 coelum
495 2076 599 2146 etiam
627 2088 663 2146 et
689 2088 799 2146 terras
825 2074 899 2146 vim
925 2099 1042 2171 suam,
1059 2075 1087 2144 si
1106 2073 1171 2146 tibi
1190 2076 1237 2148 ita

227 2200 433 2299 eonveniat,
468 2199 642 2272 dimittere
661 2200 685 2271 ³.
712 2197 1012 2272 Oratiunculamt
1038 2224 1104 2298 pro
1130 2184 1238 2272 Deio-

226 2334 322 2424 ἰᾶτο,
355 2352 460 2428 quam
494 2326 710 2430 requirdras,
742 2324 916 2399 habebam
951 2340 1108 2425 meeum,
1140 2326 1238 2427 quod

227 2452 649 2553 uouputaram.1taque
679 2478 755 2525 eam
784 2451 848 2523 tibi
873 2451 960 2523 ruisi.
988 2434 1104 2542 Quam
1132 2432 1238 2524 ³velim

224 2573 276 2646 sic
308 2573 425 2673 legas,
457 2592 496 2648 ut
534 2604 675 2650 causam
708 2592 851 2650 tenuem
884 2591 920 2650 et
952 2577 1098 2676 inopem
1118 2577 1145 2675 ⁵,
1170 2603 1237 2650 neo
1315 2645 1319 2650 .

224 2700 446 2798 scriptione⁶
465 2727 592 2799 magno
620 2729 727 2801 opere
749 2703 899 2801 dignam.
928 2702 999 2777 Sed
1016 2728 1083 2804 ogo
1101 2703 1239 2802 hospiti

223 2825 336 2897 veteri
362 2839 398 2897 et
423 2827 568 2900 amieo-⁷
595 2828 842 2901 munusculum
869 2829 1007 2900 mittere
1026 2827 1124 2900 volui
1152 2826 1236 2900 levi·

224 2945 348 3048 dense,
375 2976 491 3024 crasso
519 2952 578 3025 filo
597 2953 623 3051 θ,
650 2955 845 3027 cuiusmodi
877 2954 986 3054 ipsius
1016 2952 1133 3025 solent
1159 2978 1235 3026 esse

221 3097 365 3147 munera
384 3094 408 3147 9.
435 3078 492 3150 Tu
519 3079 623 3152 velim
650 3082 779 3157 animo,
801 3080 952 3181 sapienti
986 3079 1138 3179 sortique
1165 3081 1234 3175 sis3

220 3212 262 3270 ut
288 3214 347 3274 tua
377 3203 573 3278 moderatio
608 3222 642 3279 et
676 3207 827 3304 gravitas
862 3207 1008 3280 aliorum
1029 3221 1057 3257 ¹⁰
1086 3206 1234 3280 infamet

221 3326 393 3400 iniuriam.
452 3352 455 3357 ·

665 3585 784 3659 DCLI.
935 3626 986 3677 (ιι
1004 3625 1053 3666 ιιι.
1071 3623 1142 3677 auu.
1161 3625 1206 3677 ιι)
1284 3579 1304 3603 ⁵

218 3755 436 3833 Argurueutum.
459 3758 566 3817 Narrat
581 3760 736 3819 Caesarem
753 3783 770 3820 a
785 3784 814 3820 se
830 3761 961 3841 hospitio
977 3768 1152 3838 acceptum,
1172 3756 1228 3814 ho·

257 3863 424 3945 spitemque
445 3876 507 3924 tam
530 3887 653 3945 gravem
669 3867 722 3926 sibi
741 3880 839 3928 taurea
862 3866 1023 3926 molestum
1045 3885 1105 3923 uou
1122 3862 1223 3922 fuisso.
