2640 4822
123 338 198 435 458
490 358 763 410 laturarium

163 466 365 548 experiuntur.
385 460 492 521 Lamb.
513 462 545 522 in
564 459 649 522 nobis
672 460 890 537 donum,
919 476 1037 527 ouum
1060 468 1137 530 ‘ruffi

163 569 415 631 consuetudinem.

123 681 142 741 3
165 679 249 740 Hanc
268 676 409 759 loquendi
429 676 570 754 formam,
590 697 668 759 quae
689 677 818 739 insolens
838 679 945 743 videri
964 693 1082 766 potest,
1094 685 1138 747 de·

163 787 257 848 fendit
277 787 316 846 ad
336 785 416 845 hunc
436 784 535 844 locum
557 786 685 845 Curtius
705 786 765 847 Noa
786 791 879 849 uuioe
899 788 1013 852 locum
1027 792 1139 854 Gioeru·

163 897 208 956 uis
228 894 288 954 huc
308 913 483 954 revocamus
504 915 549 975 ep.
570 893 719 955 vattt:
745 895 858 979 Itaque
874 896 976 978 focio
998 920 1051 960 me
1066 903 1139 962 attus

163 1023 209 1064 res
230 1023 324 1083 agere.
346 1000 510 1061 Lambinus
540 1015 643 1062 utros
668 1003 805 1063 certiores
825 1004 977 1084 facerem
988 1052 1002 1081 ,
1030 1019 1068 1069 ut
1084 1008 1139 1071 Gr.

165 1113 196 1171 iu
216 1130 283 1192 epp.
305 1107 474 1187 Lxxvltt,
500 1129 530 1189 13
551 1108 700 1191 CCLXll,
720 1120 782 1171 not
803 1131 835 1192 73
855 1110 1027 1196 ccxxn,
1052 1136 1065 1177 r
1092 1112 1140 1177 ali-

164 1220 248 1299 isque
268 1216 385 1276 locutus
407 1227 459 1276 est

124 1326 146 1403 4
166 1325 257 1386 Abest
275 1326 454 1407 praepositio
474 1344 493 1383 a
512 1323 572 1383 Zel.
586 1324 625 1403 B,
639 1345 716 1406 quae
732 1335 833 1386 tamen
844 1326 927 1387 iuli-a
940 1330 1043 1390 etiam
1055 1330 1141 1392 Aac·

165 1434 210 1494 nis
230 1435 438 1515 praemittitur.

123 1541 145 1603 5
165 1543 199 1601 In
220 1540 376 1600 consulatu
396 1541 431 1599 A.
453 1539 490 1600 V.
512 1539 544 1599 C.
566 1539 682 1599 occu.

124 1648 145 1710 6
166 1649 264 1730 Supra
283 1647 430 1729 Maleam3
451 1647 530 1707 Italis
550 1648 708 1709 all'alturo
724 1647 758 1706 di
771 1648 938 1710 Malvesia.
953 1650 1140 1714 Promonto-

163 1757 242 1815 rium
262 1756 527 1814 nominatissimum
554 1757 586 1815 in
612 1755 721 1838 angulo
746 1755 966 1839 Peloponnesi,
992 1779 1062 1843 quo
1080 1752 1140 1822 bu·

165 1861 254 1922 strale
274 1862 350 1923 latus
370 1883 441 1922 cum
467 1862 601 1924 orientali
627 1867 817 1944 coniungitur
837 1886 856 1924 e
875 1868 1007 1946 regione
1028 1869 1140 1931 lumlse

127 2006 133 2014 ·
165 1969 312 2032 Citherae
325 1969 466 2049 Videtur,
486 1974 583 2053 iuquit
602 1971 765 2050 Graevius,
785 1973 898 2035 locutio
918 1977 993 2035 trita
1016 1977 1141 2039 Graecis

165 2080 351 2161 Latinisque,
371 2100 431 2162 qua
452 2079 656 2160 significabant
676 2099 797 2141 cursum
814 2100 852 2140 ex
866 2082 936 2141 Asia
957 2093 989 2142 et
1011 2084 1140 2146 Graecia

51 2249 55 2258 ,
128 2221 132 2227 -
165 2188 197 2247 in
227 2187 341 2248 ltaliam
368 2209 425 2270 per
447 2188 593 2249 Illnlcom.
624 2189 749 2248 Graecis
778 2187 877 2249 verbis
908 2188 995 2250 dedit
1023 2194 1139 2274 primus

165 2293 329 2355 Lambinus
342 2317 380 2356 ex
393 2317 439 2378 ep.
455 2294 496 2356 26
507 2294 574 2355 libri
595 2297 625 2355 X
644 2296 747 2375 Plinii,
765 2306 855 2378 puto,
869 2299 920 2377 qui
939 2298 1050 2360 scribit
1068 2310 1139 2385 ὑπὲρ

164 2414 288 2487 Hellas,
308 2414 339 2464 et
358 2415 461 2487 postea
481 2404 769 2485 Martyni-Laguua:
795 2422 874 2486 quae
895 2420 1004 2485 graeca
1025 2406 1141 2469 lemtio

164 2513 270 2574 melius
289 2511 483 2595 responderet
503 2513 612 2572 latinae
632 2533 722 2595 super
739 2510 892 2589 Maleam,
905 2523 1020 2574 attenta
1045 2518 1139 2599 ipsius

164 2621 274 2681 latinae
294 2619 412 2701 liuguae
432 2631 559 2698 battua,
587 2618 843 2700 quemadmodum
863 2618 1032 2681 Lambinus
1053 2621 1138 2683 vidit

166 2726 308 2786 Ceterum
329 2729 358 2786 iu
379 2725 517 2785 omnibus
548 2725 631 2785 libris
662 2728 789 2807 antiquis
819 2737 864 2786 est
893 2747 987 2808 supro
1008 2728 1141 2801 Maias‚·

167 2833 273 2916 procul
294 2832 387 2893 dubio
417 2837 528 2894 vitiose.
560 2834 630 2892 Mox
661 2834 786 2894 Italiam
815 2855 912 2893 versus
936 2832 1054 2895 habent
1076 2837 1140 2897 duo

167 2939 275 3001 Ambb.
297 2952 327 3002 et
347 2941 415 3002 edd
435 2943 510 3003 lens.
532 2953 563 3001 et
582 2941 663 3001 Med.
685 2963 754 3001 cum
776 2941 898 3023 Lamb.3
919 2941 1013 3022 vulgo
1030 2945 1062 3003 in
1077 2945 1143 3006 Ita-

168 3049 243 3108 uum
262 3069 372 3120 versun·
389 3071 480 3130 quam
501 3049 683 3110 locutionem
704 3050 813 3109 flustra
826 3048 957 3109 defendit
970 3050 1141 3135 Manutius,

168 3168 198 3217 et
217 3177 314 3238 nuper
337 3155 372 3215 cl.
393 3158 531 3216 Lemaire
551 3157 590 3216 ad
616 3157 698 3216 btmc
718 3157 826 3216 locum.
857 3156 1005 3238 Exempla
1034 3162 1140 3244 enim,

166 3285 245 3346 quae
266 3262 413 3346 afferunt,
433 3267 681 3345 praepositionem
702 3262 747 3324 od
766 3285 826 3324 non
846 3265 877 3323 in
897 3265 1081 3344 respiciunt,
1109 3279 1141 3328 et

166 3393 228 3432 uon
248 3372 415 3452 Ciceronis,
446 3371 499 3432 sed
520 3371 611 3433 Caelii
632 3383 722 3454 suut,
752 3382 787 3432 ut
807 3392 852 3453 ep.
875 3366 1073 3432 CCCXXXV
1093 3373 1143 3434 ad

167 3479 262 3561 Alpes
281 3499 388 3537 versus.

128 3606 146 3664 7
168 3585 268 3645 Verba
288 3585 351 3644 eius
370 3584 432 3645 diei
451 3585 587 3646 exsulant
607 3607 626 3646 a
638 3584 734 3646 tribus
748 3583 856 3644 Ambb.
873 3583 954 3644 Sext
967 3599 1038 3665 post
1052 3586 1139 3648 diem

168 3695 298 3765 tertium,
320 3694 460 3752 nimirum
482 3713 520 3752 ex
539 3695 788 3776 interpretatione.

128 3796 149 3859 8
169 3799 218 3859 Sic
238 3819 341 3858 ournes
362 3797 448 3876 libri,
469 3820 544 3880 quos
565 3800 642 3883 vidi3
663 3801 754 3880 vulgo
775 3798 888 3858 circiter
906 3801 981 3859 hora
1003 3798 1137 3883 decim,

170 3927 207 3967 ex
227 3907 370 3968 Victorio.
391 3908 473 3968 Tum
488 3907 643 3969 Sohiitzius
657 3909 709 3990 Sp.
722 3907 902 3980 Paeonum,-
917 3909 1034 3990 melius,
1047 3924 1137 3993 puto,

170 4035 260 4093 quam
280 4014 378 4095 vulgo.
