2648 4822
250 406 325 503 430
614 422 888 476 tusorsrsorrs

291 551 361 594 cero
381 529 472 593 Aaou
493 526 623 613 1v,45‚
643 545 771 609 eamque
791 525 906 589 eonlert
930 527 960 586 in
986 543 1058 585 caes
1085 523 1122 587 P.
1143 523 1268 589 Corne·

291 640 364 701 lium
385 638 553 722 Scipionem
579 647 611 698 et
629 635 670 698 tt
690 633 883 715 Maternum,
904 635 956 716 qui
975 633 1100 695 fuenmt
1113 634 1149 695 Δ.
1165 631 1206 696 V.
1228 633 1265 695 C.

291 745 457 808 DXCVIII.

256 850 293 914 ss
311 851 487 914 Melius'ecl
507 853 563 913 IIo.
585 849 664 912 Hoc.

257 959 294 1037 14
314 956 400 1020 Hune
420 971 521 1021 acuat
541 957 669 1020 Gelliut:
700 953 862 1039 Dogeaet·
889 955 1041 1035 olricum,
1071 953 1265 1018 &aarum

292 1066 529 1141 Academicum,
559 1081 589 1129 et
614 1065 779 1128 Giwlaum
809 1058 1036 1148 Peripateticum
1063 1063 1265 1127 Atbeuierues

212 1229 217 1243 ‚
294 1176 421 1236 Ilomam
440 1174 485 1236 ad
503 1175 643 1237 &mmm
661 1174 864 1257 populumque
885 1175 939 1235 tto.
960 1174 1141 1253 legavemnt,
1164 1174 1266 1256 impe·

294 1296 417 1358 1111111111,
439 1283 482 1344 uti
499 1283 624 1343 amitam
648 1282 837 1363 remittentur,
866 1301 959 1362 quam
981 1279 1121 1361 feceruut
1137 1294 1266 1364 propter

296 1391 392 1474 Oropi
411 1391 611 1453 vastationem.
632 1388 681 1450 Es
701 1390 795 1450 nuta
805 1388 926 1470 suerat,
948 1387 1160 1468 taicummfete
1174 1389 1266 1473 quiu-

290 1511 422 1579 geutum3
441 1496 491 1558 lib.
504 1498 576 1582 vlt,
597 1518 622 1557 c
648 1498 683 1574 14
703 1508 734 1558 et
753 1497 853 1573 XVII,
867 1518 892 1558 c.
908 1517 956 1558 21.
977 1495 1132 1558 Plutarch
1149 1501 1181 1558 iu
1197 1496 1264 1558 Cat.

294 1606 364 1668 Mai.
384 1626 451 1689 pag.
473 1605 541 1688 349.
564 1604 624 1665 Cic
646 1604 684 1666 de
705 1605 759 1665 Or.
781 1605 824 1683 11,
845 1603 893 1685 37.

260 1710 296 1774 15
315 1712 375 1773 Eas
394 1715 501 1795 accipe.
514 1734 533 1772 e
554 1712 677 1790 Quintil.
698 1712 749 1773 lib.
769 1712 842 1795 XII,
863 1734 887 1773 c.
914 1733 937 1773 i:
959 1712 1064 1795 Neque
1087 1710 1263 1775 Camertes

296 1820 357 1900 tue,
368 1820 423 1902 qui
435 1821 559 1899 Romae,
577 1819 714 1881 uiuente
731 1820 871 1883 Ceruario
887 1819 1007 1900 Catone,
1019 1841 1079 1882 nou
1096 1822 1263 1882 minoribus

246 1922 260 1995 J
296 1927 406 1988 uiribus
424 1942 527 1988 eorum
548 1928 690 1990 iustitium
708 1927 817 1990 dicitur
834 1928 1029 2014 disseruisse,
1049 1950 1143 2012 quam
1160 1930 1264 2013 pridie

294 2054 351 2117 pro
372 2035 484 2097 iustitia
502 2035 640 2109 ueerat,
661 2037 784 2098 iniustus
805 2038 869 2122 ipse
888 2038 932 2097 vir
941 2035 1013 2119 suit.

262 2138 298 2202 16
318 2142 383 2203 Hoc
404 2155 462 2225 est,
482 2147 548 2226 quis
567 2141 785 2227 Epicureorum
805 2148 942 2228 princeps
956 2145 1052 2206 luerit.
1066 2143 1175 2206 Narrat
1187 2146 1263 2207 Dio-

297 2271 386 2332 genes
399 2252 536 2313 Laertius
554 2254 601 2331 (in
621 2251 754 2335 Epicuro
767 2253 813 2336 X,
830 2272 921 2335 segm.
941 2255 1009 2334 17),
1023 2253 1190 2335 Epicurum
1207 2274 1263 2314 sua

295 2361 398 2445 *omnia
417 2357 642 2436 Amynomadso
656 2361 878 2443 Timocratique
899 2359 1015 2422 dedisse
1031 2359 1262 2441 reconditione,
1290 2387 1292 2391 ·

297 2480 332 2530 ut
351 2471 484 2543 tomen,
505 2471 535 2530 iu
555 2490 616 2552 quo
636 2471 699 2551 ipsa
720 2466 864 2549 docebat,
878 2468 1048 2530 Hei-macho
1068 2471 1261 2550 assiffnarent

297 2579 413 2658 eisque,
433 2579 485 2658 qui
499 2598 568 2637 cum
581 2577 631 2637 illo
646 2599 707 2638 una
718 2576 1012 2660 philosopharentur,
1026 2587 1056 2637 et
1070 2576 1180 2658 quibus
1193 2575 1262 2658 phi·

297 2683 450 2766 Iosophiae
470 2685 688 2747 successoribus
713 2685 866 2767 reliquerit
893 2684 1095 2765 Eumachus,
1119 2687 1204 2746 utin
1225 2706 1262 2746 eo

296 2789 501 2875 philosophiae
533 2792 604 2853 dare
636 2815 757 2876 operam
788 2804 917 2877 possent.
944 2792 1044 2876 thue
1069 2813 1188 2875 semper
1214 2792 1264 2873 hi,

297 2901 348 2976 qui
369 2919 387 2956 a
414 2920 469 2959 suo
494 2904 614 2961 nomine
644 2900 811 2984 philosophi
843 2900 1078 2983 appellarentur,
1103 2922 1163 2966 uua
1192 2921 1264 2961 cum

296 3006 501 3081 Amynomaco
528 3020 559 3070 et
579 3009 750 3070 Timocrate
780 3009 918 3070 omnibus
938 3009 1050 3069 viribus
1076 3028 1162 3087 eam,
1184 3029 1265 3088 quae

297 3113 328 3171 in
347 3114 431 3175 horto
452 3129 511 3199 est,
532 3116 664 3178 scholam
684 3129 900 3179 conservarent
929 3118 1032 3198 ltaque
1053 3128 1087 3177 ut
1105 3116 1266 3198 Peripate-

297 3223 361 3281 ticis
381 3223 538 3306 Limenai,
558 3225 664 3286 Stoicis
684 3226 835 3308 Porticus,
855 3225 1013 3286 Platonicis
1028 3223 1204 3306 Academia,
1223 3226 1266 3283 sic

295 3325 451 3411 Epicureis
470 3344 555 3392 erant
575 3333 669 3394 Horti.

261 3455 296 3514 ¹7
318 3436 469 3522 subaudi,
500 3439 594 3500 libris:
627 3439 723 3522 figura
752 3462 874 3522 graecu,
904 3462 964 3522 qua
991 3441 1052 3500 Gic.
1081 3441 1168 3499 etiam
1190 3437 1264 3498 alibi

296 3563 368 3602 usus
388 3557 447 3626 est,
477 3557 512 3606 ut
541 3567 635 3627 quum
656 3547 731 3608 dixit
750 3548 940 3621 adilonis,
963 3549 994 3608 in
1013 3546 1179 3629 Scapulae,
1207 3567 1269 3628 per

295 3650 450 3711 Monetae.
472 3652 709 3736 Subintclligitur
729 3661 808 3716 enim
828 3655 954 3728 aedem,
976 3659 1093 3726 bonos,
1117 3651 1265 3733 secudum.

295 3758 410 3818 Manat.
431 3758 510 3818 veti
532 3759 646 3841 aliquot
665 3761 733 3822 edd.
757 3784 799 3823 ex
819 3762 1018 3845 Apollodoro.

261 3861 296 3924 18
315 3865 429 3946 Nempe
450 3877 592 3946 aegrotat.

262 3991 298 4051 ¹9
317 3971 407 4031 Varie
427 3971 485 4033 boc
505 3993 613 4034 nomen
634 3975 772 4037 scribitur
791 3979 820 4036 iu
841 3975 913 4036 libb.
936 3986 994 4037 aut.
1016 3974 1111 4054 Aliqui
1129 3971 1265 4051 Megala
