2648 4822
237 431 304 527 196
553 454 720 501 errs'rom
751 456 889 502 uirus.
1008 454 1038 501 Α.
1060 456 1138 502 v.c.
1158 454 1206 518 ,οε

229 555 332 628 ralde
357 554 542 654 idoneum,
566 557 704 655 meique
731 582 813 628 saue
840 555 1035 628 studiosum
1060 558 1130 628 iam
1148 557 1230 630 iude
1308 592 1313 607 ·

230 707 249 753 a
274 680 451 754 Pontiano
469 685 493 752 ⁵.
528 682 662 755 Perfice
693 684 798 780 igitur
825 680 964 783 aliquid.
992 681 1090 775 Quid
1116 698 1235 756 autem

228 806 340 906 aliud,
365 808 431 880 uisi
457 822 496 880 ut
521 807 637 880 aditus
662 809 708 881 sit
733 807 880 881 emtori?
905 808 1002 908 quod
1027 834 1091 907 per
1114 835 1235 911 quem-

228 934 282 1005 vis
306 931 504 1006 heredem⁶
530 947 648 1034 potest
673 932 771 1007 effici.
798 933 869 1006 Sed
894 933 1079 1007 Mustelam
1097 933 1136 1006 id
1153 960 1231 1034 per-

227 1058 415 1158 lecturum,
439 1061 468 1134 si
495 1060 643 1159 rogaris,
675 1074 772 1161 puto.
808 1059 894 1132 Mihi
922 1086 1003 1133 vero
1029 1074 1065 1132 et
1089 1059 1231 1156 locum,

227 1211 332 1286 quem
357 1199 467 1287 opto,
494 1185 626 1283 adid,
660 1186 756 1287 quod
791 1184 974 1283 volumus,
1007 1186 1168 1285 dederis,
1197 1201 1233 1260 et

226 1326 406 1411 praeterea
438 1317 603 1408 ἑγχήραμα.
642 1313 732 1385 Nam
765 1311 824 1383 illa
858 1311 934 1384 Silii
967 1326 1003 1384 et
1027 1313 1132 1386 Drusi
1157 1337 1231 1387 uon

225 1437 310 1510 satis
335 1439 592 1507 οἰωδεσποτικὰπ
620 1437 705 1509 milri
731 1437 902 1510 videntur.
933 1436 1030 1531 Quid
1056 1441 1150 1510 enim
1175 1464 1231 1511 se-

226 1560 310 1635 dere
342 1575 436 1636 totos
470 1562 543 1635 dies
575 1565 612 1635 in
645 1563 725 1636 villa
752 1564 839 1638 istal
874 1565 983 1663 Igitur
1008 1563 1128 1636 malim
1157 1566 1234 1664 pri·

224 1711 321 1759 mum
348 1686 500 1762 Othonis
513 1690 539 1790 ὓ,
565 1688 693 1762 deiude
718 1689 873 1763 Clodiae.
899 1689 935 1762 Si
960 1689 1048 1762 nihil
1073 1691 1150 1791 fiet,
1167 1702 1230 1762 aut

224 1813 340 1888 Druso
365 1812 469 1888 ludus
496 1829 549 1888 est
574 1815 811 1913 suggerendus
825 1833 851 1915 9,
877 1829 938 1888 aut
964 1815 1135 1888 utendum
1160 1817 1231 1888 Tu·

224 1937 379 2013 sculano.
407 1935 516 2034 Quod
542 1939 637 2014 domi
656 1956 691 2014 te
708 1941 896 2041 inclusisti,
914 1943 1048 2014 ratione
1064 1941 1177 2014 fecisti
1191 1956 1230 2012 ¹⁰.

224 2064 313 2164 Sed,
336 2091 483 2167 quaeso,
508 2069 657 2164 confice,
682 2080 718 2139 et
743 2082 779 2139 te
805 2093 955 2141 vacuum
980 2065 1088 2140 redde
1115 2066 1228 2141 uobis.

275 2191 297 2267 3
323 2193 401 2291 Ego
426 2190 531 2292 hinc,
570 2206 609 2266 ut
641 2194 765 2293 scripsi
792 2206 917 2292 autea,
950 2192 1120 2292 postridie
1144 2191 1230 2267 Idus

223 2319 421 2392 Lanuvium
433 2374 443 2418 ‚
480 2318 608 2393 deiude
638 2319 809 2419 postridie
834 2320 872 2391 in
896 2317 1107 2395 Tusculano.
1134 2320 1229 2393 Con·

223 2443 302 2518 rudi
326 2446 421 2518 euim
445 2447 619 2545 animum,
643 2459 679 2518 et
707 2446 853 2519 fortasse
872 2445 959 2544 vici,
978 2447 1008 2518 si
1025 2445 1133 2518 modo
1150 2470 1232 2546 per·

222 2593 386 2645 mansero
400 2587 438 2642 ¹¹.
464 2571 560 2645 Scies
585 2573 690 2671 igitur
715 2570 861 2645 fortasse
889 2597 983 2671 cras,
1008 2596 1183 2644 summum
1199 2587 1229 2623 ¹²

223 2695 400 2796 perendie.

272 2821 297 2913 4
322 2819 392 2893 Sed
417 2820 503 2921 quid
528 2834 601 2919 est,
627 2822 779 2923 quaesol
815 2823 1025 2896 Philotimus
1050 2847 1117 2895 nec
1143 2823 1228 2896 Car-

222 2947 312 3019 teiae
331 2947 361 2998 ¹³
386 2949 597 3046 Pompeium
635 2949 744 3021 teneri
779 2958 875 3050 (qua
910 2948 953 3020 de
986 2974 1022 3021 re
1048 2948 1228 3022 literarum

223 3072 270 3145 ad
286 3072 450 3148 Clodium
468 3075 678 3147 Patavinum
704 3075 889 3147 missarum
915 3074 1114 3174 exemplum
1139 3074 1227 3147 mihi

223 3199 362 3299 Oppius
388 3213 424 3271 et
446 3199 577 3272 Balbus
615 3203 801 3298 miserant,
834 3227 871 3272 se
904 3200 941 3274 id
975 3200 1107 3273 lactum
1132 3200 1226 3273 arbi-

223 3327 349 3426 trari),
373 3324 573 3426 bellumque
599 3342 717 3399 narrat
742 3325 913 3427 reliquum
939 3328 1024 3398 satis
1050 3352 1225 3424 maguum.

221 3449 319 3525 Solet
344 3453 489 3525 omniuo
527 3477 601 3524 esse
635 3453 832 3527 Fulviaster
852 3452 889 3522 ¹4.
923 3451 993 3523 Sed
1020 3465 1161 3552 tamen,
1198 3453 1230 3524 si

222 3576 307 3677 quid
332 3576 439 3650 habes
459 3580 497 3649 ¹⁵.
525 3578 619 3652 Volo
646 3582 750 3654 etiam
777 3578 821 3653 de
852 3578 1033 3677 naufragio
1059 3579 1227 3655 Caninia-

222 3726 269 3780 no
289 3706 319 3755 ¹⁶
345 3706 450 3801 scire,
475 3704 560 3806 quid
586 3707 640 3780 sit.
