2648 4822
242 414 315 507 384
561 432 734 485 rererou
760 432 918 485 ucxnru.
1026 432 1058 483 a
1074 434 1111 486 r.
1127 437 1159 487 c.
1178 432 1228 500 ‚aa

239 551 338 611 nesta
365 535 586 610 videbuntur.
611 539 665 611 De
681 538 856 638 Dionysio
870 537 896 635 ⁵,
913 536 943 609 si
960 562 1017 608 me
1036 561 1151 637 amas,
1169 563 1253 614 con·

237 664 314 737 fiee.
347 664 616 765 Quamcumque
643 665 676 736 ei
700 664 808 737 fidem
840 661 979 737 dederis
997 665 1025 762 ⁶,
1049 664 1255 763 praestabo.
1300 710 1303 715 -

237 787 276 863 si
292 815 378 864 vero
403 790 585 890 improbus
603 789 706 863 fuerit
719 809 746 890 a,
762 802 803 862 ut
820 804 889 868 est:
912 788 1019 862 duces
1037 815 1118 862 eum
1137 791 1252 891 capti·

237 917 351 992 vum⁰
368 917 405 989 in
422 915 614 1017 triumpho.
641 915 813 989 Dalmatis
839 915 889 988 dii
907 913 998 988 male
1025 914 1173 1014 faciant,
1190 918 1252 1019 qui

236 1040 303 1115 tibi
327 1040 466 1116 molesti
491 1056 583 1115 suut.
617 1041 706 1140 Sed,
739 1056 779 1115 ut
812 1041 954 1141 scribis,
979 1040 1080 1114 hreri
1105 1043 1248 1142 capien-

235 1180 310 1267 tur,
335 1181 372 1241 et
396 1168 621 1241 illustrabunt
646 1193 700 1242 res
727 1182 806 1242 tuas
833 1181 959 1268 gestas.
984 1167 1132 1268 Semper
1155 1168 1248 1241 enim
1309 1194 1312 1198 ⁴

234 1290 348 1367 hahiti
373 1308 456 1368 suut
479 1293 648 1368 bellicosi.
673 1292 773 1368 Vale.

620 1544 852 1622 DCXLVIII.
956 1585 1012 1648 (aa
1027 1586 1082 1634 nu.
1098 1587 1161 1650 ru,
1176 1589 1222 1651 η)

233 1724 455 1804 Argumentum.
483 1723 594 1784 Cun'us
615 1723 719 1786 iaudat
746 1724 900 1786 Ciceronis
926 1743 1000 1804 erga
1023 1744 1056 1785 se
1082 1722 1246 1797 beneficia,

272 1851 404 1912 eumque
424 1838 528 1912 rogat,
545 1841 580 1892 ut
594 1831 659 1892 Ser.
673 1831 800 1914 Sulpicii
814 1851 847 1892 se
860 1833 1025 1892 successori
1040 1831 1244 1893 commendet.

324 2037 378 2088 Ser.
396 2035 480 2089 Patris
499 2040 530 2091 A.
550 2037 583 2091 V.
602 2038 631 2091 C.
650 2037 803 2104 DCCVHI,
822 2037 877 2090 1111
897 2036 957 2091 Kal.
975 2036 1147 2092 Novembres.

445 2234 587 2300 CVRIVS
611 2235 655 2299 M.
680 2234 869 2300 CICERONI
894 2234 971 2300 SVO
996 2235 1029 2300 S.

251 2421 315 2525 ,si
342 2421 453 2522 vales,
477 2422 569 2496 bene
595 2435 663 2499 est:
691 2449 770 2496 sum
796 2423 891 2494 euim
911 2431 1049 2518 χρήσειῐ
1070 2425 1125 2517 μὲν
1142 2437 1242 2526 tuus,

226 2558 330 2626 κτήσει
356 2552 391 2620 δὲ
416 2551 526 2629 Attici
543 2552 663 2624 nostri.
689 2552 785 2649 Ergo
802 2549 935 2622 fructus
953 2562 1007 2623 est
1025 2562 1126 2650 tuus,
1143 2577 1242 2624 mau-

227 2676 359 2776 cipium
384 2675 475 2749 illius
489 2691 521 2748 ²:
539 2675 636 2777 quod
662 2676 803 2777 quidem
823 2676 853 2748 si
870 2676 962 2749 inter
979 2687 1240 2787 servorpoem·

226 2798 374 2874 tionales
400 2799 566 2887 [venale]
594 2804 843 2903 proscripserit
859 2803 885 2899 ³,
911 2803 1021 2900 egerit
1047 2828 1121 2876 nou
1146 2802 1238 2876 mul·

224 2938 310 2998 turn.
336 2925 465 2999 Atilia
494 2941 614 3000 nostra
635 2928 854 3026 praedicatio
882 2930 1004 3029 quanti
1031 2927 1128 3028 esst,
1153 2955 1238 3028 uos,

224 3050 322 3150 quod
347 3052 471 3151 simus,
497 3053 594 3152 quod
619 3053 810 3127 habeamus
823 3057 849 3152 ⁵,
867 3055 963 3155 quod
986 3054 1149 3128 homines
1167 3058 1238 3129 exi·

222 3176 419 3277 sdmemur,
444 3178 480 3250 id
507 3205 611 3251 omne
631 3179 694 3252 abs
720 3194 755 3252 te
781 3180 935 3253 habere?
953 3182 1090 3280 Quare,
1107 3182 1236 3254 Cicero

221 3303 288 3401 nri,
313 3330 496 3401 persevera
522 3319 726 3377 constanter
750 3332 816 3379 nos
844 3332 1071 3405 conservare,
1098 3319 1135 3378 et
1160 3304 1237 3379 Sul-

220 3427 304 3528 picii
330 3432 523 3502 successori
540 3434 556 3480 ⁶
582 3457 648 3503 nos
668 3431 711 3502 de
731 3432 873 3506 meliore
899 3446 985 3505 nota
1005 3432 1236 3533 commenda,

221 3578 293 3654 quo
318 3554 452 3627 facilius
472 3556 538 3629 tuis
557 3558 755 3657 praeceptis
773 3557 1019 3657 obtemperare
1037 3560 1235 3664 possimus,

220 3692 327 3782 teque
353 3680 399 3753 ad
425 3701 517 3754 vera
543 3681 706 3757 iubentes
731 3684 870 3783 videre,
896 3697 931 3756 et
957 3697 1079 3758 nostra
1109 3688 1235 3787 refige-

221 3807 288 3879 τοῦ
311 3806 566 3910 deportareque
595 3823 673 3883 tuto
699 3812 881 3910 possimus.
911 3809 996 3907 Sed,
1023 3812 1136 3886 amice
1158 3839 1234 3889 ma-

218 3954 302 4031 gne,
333 3933 404 4009 noli
437 3936 529 4010 hanc
563 3936 748 4036 epistolam
775 3938 894 4016 Attico
921 3935 1125 4012 ostendere:
1153 3943 1228 4015 sine
