2648 4822
224 407 291 510 ado
561 431 730 483 reserens
757 435 869 483 uerri.
993 432 1025 485 tr
1043 434 1078 486 r.
1096 436 1126 487 cr
1146 420 1194 500 ,οἱ

217 535 334 642 cipere
365 551 403 610 et
435 536 517 610 dare
549 537 755 611 eonsilium:
792 562 907 638 neque
937 536 1076 612 imitare
1106 539 1219 616 malos

216 665 390 765 medicos,
415 665 536 766 quiin
562 664 682 736 alienis
705 663 837 737 morbis
863 665 1074 764 profitentur
1096 679 1217 740 tenere

215 818 253 866 se
277 790 472 865 medicinae
498 791 701 890 seientiam,
732 791 801 890 ipsi
827 817 864 863 se
890 815 1011 863 curare
1036 816 1109 864 non
1134 818 1217 892 pos·

214 898 314 1025 sulit,
331 917 395 992 sed
412 919 548 1019 potius,
565 943 654 1020 quae
672 915 747 991 aliis
765 929 839 990 tute
850 918 883 968 ²⁶
900 910 1101 1018 praecipere
1118 916 1218 1018 soles,

214 1071 258 1135 ea
272 1059 347 1139 tute
376 1044 439 1119 tibi
465 1031 612 1143 subiiee,
629 1057 735 1144 atque
752 1042 847 1144 apud
865 1043 1020 1116 animum
1044 1069 1216 1146 propone.

213 1170 339 1248 Nullus
366 1171 468 1247 dolor
493 1185 560 1269 est,
585 1197 689 1272 quem
706 1195 778 1244 non
795 1167 1032 1271 longinquitas
1049 1157 1218 1274 temporis

214 1298 352 1371 minuat
377 1324 419 1372 ae
444 1297 589 1370 molliat.
611 1297 691 1371 Hoe
708 1311 744 1369 te
761 1311 963 1396 exspectare
980 1309 1138 1396 tempus,
1150 1297 1219 1371 tibi

217 1427 331 1524 tttr'p'e·
345 1437 421 1522 est,
452 1447 493 1496 ae
522 1448 596 1495 non
621 1425 653 1494 ei
678 1424 728 1494 rei
752 1424 925 1522 sapientia
948 1436 1009 1495 tua
1035 1437 1072 1495 te
1096 1449 1219 1498 ooeura

217 1552 292 1622 rere
311 1563 352 1622 ¹⁷.
378 1549 487 1641 Quod
513 1532 645 1649 siquis
677 1549 783 1621 etiam
807 1548 925 1634 inieris
950 1574 1072 1622 sensus
1097 1565 1152 1622 est
1170 1551 1219 1650 ²⁸3

218 1660 282 1778 iiiii
302 1664 395 1748 illius
419 1675 457 1749 in
492 1689 527 1748 te
562 1699 660 1749 amor
692 1674 778 1776 fuit,
816 1677 997 1779 pietasque
1026 1670 1065 1749 in
1098 1699 1219 1749 omnes

218 1792 333 1907 suos,
353 1802 422 1875 hoe
456 1815 550 1876 certe
581 1800 640 1875 illa
666 1816 700 1875 te
725 1802 839 1877 lacere
864 1828 939 1877 non
962 1801 1048 1877 vult
1071 1797 1127 1877 Da
1151 1800 1220 1876 hoe

216 1926 269 2005 illi
293 1943 474 2027 mortuae,
511 1927 557 2002 da
593 1933 717 2004 ceteris
743 1931 876 2005 ‘amieis
909 1956 951 2003 ec
975 1927 1222 2027 familiaribus,

217 2055 280 2155 qui
303 2069 367 2129 tuo
394 2054 516 2131 dolore
541 2071 723 2156 moerent,
760 2057 807 2129 da
832 2057 989 2156 patriae,
1014 2069 1073 2154 ut,
1097 2056 1126 2129 si
1153 2081 1221 2156 que

217 2180 256 2253 in
278 2208 316 2254 re
342 2208 431 2282 opus
457 2184 519 2282 sit,
541 2208 661 2282 opera
695 2197 732 2255 et
761 2183 910 2257 consilio
935 2197 998 2256 tuo
1023 2183 1075 2255 uti
1101 2182 1221 2282 possit

217 2306 399 2408 Denique,
424 2311 591 2410 quoniam
618 2311 655 2381 in
681 2336 759 2381 eam
784 2309 960 2382 fortunam
997 2308 1222 2406 devenimus,

217 2447 260 2506 ut
283 2436 388 2508 etiam
414 2436 495 2510 hnic
521 2439 570 2510 rei
595 2436 698 2510 nobis
716 2435 939 2510 serviendum
959 2437 1019 2508 sit:
1038 2434 1112 2507 noli
1129 2460 1222 2507 coma

218 2561 379 2660 mittere,
412 2577 453 2634 ut
486 2565 670 2664 quisquam
706 2578 740 2635 te
770 2578 872 2661 putet
897 2590 969 2635 non
995 2578 1067 2634 tam
1095 2559 1235 2660 filiam,

218 2710 324 2786 quern
350 2689 400 2759 rei
425 2687 588 2785 publicae
613 2699 774 2788 tempora
800 2703 836 2760 et
857 2688 1012 2762 *aliorum
1037 2689 1222 2761 victoriam

218 2809 345 2914 lugere.
371 2811 475 2885 Plura
501 2839 557 2885 me
583 2814 628 2886 ad
654 2829 689 2886 te
715 2813 760 2887 de
784 2813 851 2886 hac
871 2814 1077 2902 rescribere
1095 2815 1223 2914 pudet,

219 2958 265 3008 ne
290 2933 411 3011 ridear
434 2939 642 3039 prudentiae
668 2956 749 3014 tuae
771 2939 937 3013 diffidere.
954 2941 1090 3039 Quare,
1107 2942 1136 3014 si
1155 2941 1222 3015 hoc

218 3046 328 3135 iinum
355 3091 592 3165 proposuero,
626 3069 732 3140 finem
756 3064 882 3138 faciam
907 3062 1093 3139 scribendi.
1119 3065 1222 3138 Vidi·

218 3214 298 3263 mus
323 3190 505 3293 aliquoties
532 3195 722 3267 secundam
747 3192 981 3295 pulcherrime
998 3206 1033 3266 te
1050 3191 1139 3265 serre
1156 3180 1223 3267 for·-

218 3327 359 3415 tunarn,
384 3346 615 3423 magnamque
639 3347 682 3393 ex
699 3347 738 3394 ea
755 3346 793 3394 re
811 3334 846 3392 te
862 3319 1003 3392 laudem
1020 3319 1171 3418 adipisci
1180 3335 1222 3390 ²⁹:

219 3438 275 3512 lae
300 3441 487 3544 aliquando
512 3446 770 3546 intelligamus,
802 3445 987 3521 adversam
1020 3471 1162 3546 quoque
1189 3458 1223 3517 te

220 3589 330 3665 aeque
344 3594 460 3668 posse
486 3572 590 3668 serre,
607 3596 721 3673 neque
741 3572 780 3644 id
800 3573 928 3670 maius,
952 3597 1059 3673 mum
1079 3570 1224 3669 debeat,

211 3689 287 3762 'tibi
311 3716 399 3767 onus
418 3697 558 3796 'videri3
590 3724 635 3771 ne
667 3725 710 3772 ex
735 3697 898 3772 omnibus
924 3696 1111 3771 virtu=tibus
1136 3697 1225 3772 haee

220 3842 290 3889 nna
318 3819 380 3892 tibi
407 3823 568 3897 videatur
602 3825 730 3898 deesse.
770 3824 878 3916 Quod
912 3824 959 3899 ad
991 3850 1048 3897 me
1076 3824 1224 3922 attinet,

221 3968 329 4042 mum
356 3962 391 4021 te
416 3950 692 4052 tranquilliorem
718 3952 836 4025 animo
856 3978 931 4025 esse
948 3976 1105 4051 cognoro
1119 3953 1163 4052 ³⁰,
1180 3951 1221 4023 de
