2648 4822
247 421 318 514 284
603 441 773 490 arrarum
800 441 890 491 ucxr.
1026 441 1101 492 nv.
1122 445 1151 492 c.
1170 438 1219 504 qne

245 570 348 620 eausa
375 543 540 617 videatur.
566 543 655 616 Sunt
679 545 773 616 euim
795 544 1020 617 veliementer
1037 551 1155 614 πιᾶανὰ
1172 550 1243 620 Au·

244 670 395 745 tinchia:
428 695 517 771 quae
549 669 732 768 diligenter
756 695 776 742 a
801 694 858 771 me
884 694 1071 769 expressa,
1094 698 1243 746 acumen

242 792 376 871 hahent
400 795 589 895 Antiochi,
625 797 775 870 nitorem
813 797 981 869 orationis
1007 810 1189 895 nostrum3
1213 800 1243 871 ai

242 921 350 1013 modo
375 922 405 995 ia
430 936 483 995 eat
508 921 630 1023 aliquia
654 923 692 994 in
717 920 828 994 nobie.
863 918 934 995 Sed
971 934 1027 1019 tu,
1059 922 1242 997 dandoene

243 1063 346 1151 putee
372 1048 437 1121 hoa
461 1047 569 1122 libros
595 1046 764 1146 Varroni,
796 1049 902 1122 etiam
927 1061 1032 1150 atque
1055 1050 1164 1122 etiam
1188 1050 1243 1123 vi·

242 1173 350 1261 debis.
376 1175 463 1262 Mihi
488 1175 661 1277 quaedam
686 1188 888 1249 occurrunt:
917 1172 981 1248 sed
1005 1199 1045 1247 ea
1071 1199 1200 1248 coram.

663 1442 808 1516 Dcxll.
948 1485 1004 1542 (aa
1020 1485 1070 1530 aar.
1085 1485 1157 1543 xur,
1173 1486 1219 1540 ιο)

242 1612 463 1700 Argennentum.
484 1619 619 1680 Breviter
639 1620 743 1683 scribit
762 1620 800 1680 de
821 1623 911 1681 variis
933 1619 1035 1694 rehum
1062 1623 1092 1679 in
1116 1624 1240 1703 primis,

254 1792 258 1804 ,
281 1748 312 1787 se
332 1727 370 1807 da
390 1727 488 1807 sama,
507 1726 590 1807 quod
610 1726 739 1791 Ruinam
761 1730 864 1799 uenire
884 1710 978 1798 nolit,
995 1725 1069 1787 nihil
1092 1724 1240 1788 laborare.

287 2006 305 2020 ..
330 1966 383 2019 an.
401 1969 427 2017 n
448 1967 564 2035 aaran
582 1969 613 2019 a.
632 1965 665 2020 v.
683 1965 712 2017 c,
730 1965 883 2030 nccvru,
902 1965 985 2037 prun
1004 1967 1069 2032 nu„
1081 1969 1151 2020 sen.
1187 1934 1189 1937 ’

551 2197 696 2264 CICERO
722 2198 872 2264 ATTICO
897 2198 927 2263 S.

251 2438 255 2451 “
286 2431 320 2505 A
344 2432 491 2507 Caesare
516 2430 634 2507 literas
664 2434 786 2534 accepi
819 2430 1070 2507 consolatorias
1088 2448 1113 2532 ¹,
1138 2433 1237 2509 datas

238 2558 327 2658 prid.
354 2558 431 2635 Kal.
457 2547 567 2633 Maias
592 2558 739 2658 Hispali.
766 2560 819 2632 De
845 2558 930 2632 urbe
949 2560 1136 2665 augenda?
1155 2558 1240 2663 quid

237 2685 283 2758 sit
307 2686 584 2785 promulgatum,
610 2711 681 2758 non
707 2684 879 2759 intellexi:
905 2686 943 2758 id
968 2713 1052 2759 sane
1076 2689 1165 2761 scire
1183 2713 1240 2761 ve-

236 2809 307 2883 lim.
333 2812 515 2912 Torquato
552 2827 670 2885 nostra
705 2813 851 2884 officia³
885 2827 981 2911 grata
1016 2839 1106 2911 ease,
1138 2812 1238 2886 facile

237 2937 375 3036 patior3
406 2962 515 3039 eaque
548 2965 673 3036 augere
699 2964 771 3010 non
797 2937 962 3012 desinam.
999 2938 1057 3012 Ad
1082 2941 1236 3038 Ligaria-

235 3063 352 3133 nam-l
378 3063 422 3136 de
447 3090 554 3138 uxore
570 3060 794 3164 ''Tuberonim
827 3080 863 3138 et
896 3067 1055 3165 privigna
1073 3069 1101 3164 ⁵,
1125 3091 1238 3167 neque

235 3212 382 3286 possum
414 3192 483 3262 ianr
519 3192 646 3264 addere
673 3203 754 3279 (est
784 3193 877 3265 enim
903 3218 957 3264 res
983 3191 1239 3290 pervulgata),

165 3363 166 3366 =
204 3308 350 3417 'neque
375 3317 598 3391 Tuberonem
632 3319 713 3392 volo
749 3318 936 3391 defendere
953 3323 976 3387 ⁶.
1013 3320 1160 3391 Mirifice
1185 3331 1239 3391 est

237 3445 328 3513 enim
366 3449 521 3526 φιλαίτιος.
551 3446 775 3519 Tlreatrurn⁷
812 3444 954 3546 quidem
986 3468 1070 3516 sane
1107 3443 1239 3517 bellum

236 3566 396 3640 habuisti.
422 3573 517 3670 Ego,
543 3577 605 3645 etsi
632 3573 699 3646 hoc
726 3571 805 3645 loco
831 3571 992 3643 facillime
1018 3584 1198 3644 sustentor
1213 3568 1238 3666 Β,

235 3705 353 3767 tamen
379 3711 413 3768 te
439 3698 557 3771 videre
584 3704 697 3799 cupio.
724 3703 863 3800 Itaque,
888 3713 928 3771 ut
953 3697 1138 3796 constitui,
1160 3696 1238 3770 ade

234 3844 275 3893 ro
291 3837 316 3892 9.
354 3815 521 3898 Fratrem
543 3827 649 3899 eredo
685 3854 703 3898 a
729 3839 764 3899 te
791 3853 865 3898 esee
893 3839 1116 3899 conventum.
1144 3826 1237 3899 scire

233 3945 336 4040 igitur
362 3952 503 4047 studeo,
529 3954 613 4052 quid
641 3955 757 4050 egeris.
792 3956 845 4026 De
872 3954 963 4027 lama
984 3972 1011 4003 ¹⁰
1039 3951 1128 4025 nihil
1153 3977 1235 4025 sane
