2648 4822
220 432 295 535 ³7²
552 450 727 504 namu
754 452 896 503 κων.
1008 452 1042 503 a
1055 452 1093 505 r.
1108 454 1140 503 s
1157 450 1210 517 „s

218 570 406 633 elomnea
429 553 591 629 homines
615 556 741 629 sciunt.
765 554 1238 658 lsqnnrneuliistemei

119 756 129 769 ,
216 680 514 757 studiosissimum
538 706 615 755 esse
632 694 822 781 cognosset
837 682 865 781 ³,
888 681 1018 781 petivit
1042 707 1064 754 a
1088 707 1168 782 me,
1192 696 1238 757 nt

216 808 266 885 sd
289 824 327 884 te
350 835 457 912 quam
473 809 734 883 accuratissime
757 808 949 883 scriberem
974 807 1020 882 de
1045 832 1084 881 re
1111 808 1151 882 C.
1170 806 1237 882 Al-

215 934 328 1011 binil
351 937 538 1034 senator-in
562 935 663 1009 euius
687 960 732 1009 ex
755 934 860 1009 lilia⁵
883 947 990 1009 natus
1016 946 1073 1008 est
1086 937 1128 1008 L.
1145 935 1236 1009 Sex-

216 1062 305 1163 tius,
328 1064 485 1164 optimus
501 1060 724 1162 adolescens,
748 1060 842 1137 filins
865 1062 907 1136 P.
931 1060 1052 1135 Sextii
1078 1060 1161 1135 Hos
1181 1064 1236 1135 ie·

215 1188 314 1263 sisso
337 1189 483 1289 scripsi,
505 1200 547 1260 nt
570 1184 798 1287 intelligeres,
825 1211 901 1260 non
933 1184 1050 1261 solnm
1080 1212 1137 1261 me
1162 1213 1233 1289 pro

214 1312 257 1391 P.
280 1312 402 1388 Sextio
426 1312 588 1388 laborare
606 1312 755 1411 debere,
777 1312 843 1386 sed
859 1312 1019 1386 Sextium
1035 1313 1144 1386 etiam
1161 1339 1233 1414 pro

214 1436 358 1517 Albino.
382 1440 452 1514 Res
477 1452 594 1513 antem
619 1452 676 1513 est
701 1437 800 1511 base
825 1439 924 1513 AM.
939 1438 1091 1513 Laberio
1108 1440 1149 1513 C.
1168 1439 1234 1513 Al·

212 1560 321 1639 binus
356 1562 501 1666 prsedia
530 1564 571 1637 in
603 1546 886 1638 aestimatinnena
919 1566 1057 1665 aceepit
1076 1567 1111 1638 ⁸:
1137 1592 1232 1668 qnae

212 1688 359 1791 praedia
383 1688 554 1764 Laberius
579 1702 712 1764 emerat
736 1716 758 1763 a
782 1690 934 1765 Caesare
961 1688 1007 1765 de
1026 1690 1131 1766 bonis
1148 1693 1234 1766 Plo·

212 1812 320 1899 tinnis
358 1816 413 1889 Ea
436 1816 468 1888 si
492 1812 608 1889 dicans
633 1839 712 1891 nnn
742 1840 819 1890 essa
843 1842 866 1890 e
889 1841 928 1890 re
961 1814 1105 1919 publica
1139 1817 1232 1892 diri·

151 2010 154 2017 ,
213 1936 296 2040 dit,
321 1939 450 2014 docere
481 1952 519 2015 te
551 1938 690 2040 videar,
721 1965 796 2016 non
827 1967 962 2041 rogare.
1000 1941 1073 2016 Serl
1106 1956 1230 2019 tamen

212 2090 324 2169 quum
354 2065 485 2142 Caesar
515 2064 677 2143 Sullanas
705 2067 931 2144 venditiones
957 2082 994 2142 et
1018 2069 1230 2167 assignatio·

210 2212 277 2265 nes
305 2204 400 2273 retes
432 2216 508 2267 esse
539 2192 640 2294 velit,
672 2218 744 2296 qno
776 2195 948 2268 firmiores
982 2195 1231 2271 existimentur

211 2340 313 2392 suae:
338 2319 369 2394 si
393 2344 435 2394 en
460 2318 606 2420 praedia
631 2318 852 2421 dividentur,
877 2346 968 2423 quae
992 2322 1070 2422 ipse
1095 2322 1229 2396 Caesar

212 2444 392 2545 vendidit,
416 2472 508 2549 qnae
533 2446 679 2521 tandem
704 2449 741 2520 in
767 2449 841 2521 eius
867 2445 1132 2522 venditionibus
1149 2473 1229 2522 esse

210 2573 346 2671 polerit
377 2572 622 2647 auclorilasl⁸
648 2573 718 2645 Sed
750 2572 820 2647 hoc
855 2573 958 2674 quale
992 2574 1056 2672 sit,
1087 2587 1125 2646 lu
1160 2601 1229 2674 pro

210 2706 274 2779 tna
298 2696 486 2798 prudentia
514 2697 763 2773 considerabis.
798 2701 877 2798 Ego
913 2712 948 2773 le
982 2699 1086 2800 plane
1119 2726 1230 2802 rogo,

211 2832 318 2921 alque
334 2822 403 2919 itn,
418 2836 459 2896 nt
476 2825 608 2896 maiore
623 2822 759 2923 studio,
784 2824 931 2900 iustiore
949 2825 995 2899 de
1012 2852 1117 2900 causa
1126 2881 1137 2925 ,
1155 2852 1231 2899 ma-

211 2944 264 3045 gis
289 2970 332 3019 ex
356 2948 475 3021 animo
499 2972 623 3046 rogare
648 2948 736 3022 nihil
762 2952 913 3053 possim,
937 2967 979 3026 ut
996 2952 1128 3026 Albino
1147 2978 1228 3052 par·

211 3094 288 3171 cas,
312 3072 456 3172 praedia
481 3073 677 3148 Laberiana
695 3101 741 3148 ne
759 3079 922 3177 attingas.
950 3079 1079 3177 Magna
1100 3104 1157 3151 me
1175 3079 1228 3152 al-

209 3194 332 3271 feceris
357 3223 430 3273 non
456 3198 564 3273 modo
582 3198 732 3299 laetitia,
748 3202 812 3276 sed
830 3206 937 3277 etiam
956 3203 1227 3305 quodammodo

211 3320 338 3423 gloria,
363 3324 392 3397 si
417 3325 456 3397 P.
483 3324 621 3400 Sextius
647 3326 782 3402 bomini
809 3331 961 3403 maxims
987 3329 1186 3400 necessario
1209 3349 1227 3396 9

211 3449 419 3524 satisfecerit
443 3477 508 3551 per
532 3477 608 3552 me,
632 3468 672 3541 ut
698 3480 764 3554 ego
788 3454 841 3528 illi
867 3456 928 3528 nni
952 3452 1142 3553 plurimum
1165 3453 1227 3526 de-

209 3573 323 3648 beam.
350 3575 459 3668 Quod
486 3590 525 3650 nt
555 3578 679 3680 facias,
713 3596 746 3654 te
776 3580 1002 3656 vehementer
1026 3579 1141 3673 getiam
1169 3595 1225 3652 at·

208 3726 278 3805 que
303 3703 408 3775 etiam
434 3727 529 3802 rogo.
557 3706 670 3779 Maius
698 3708 782 3779 milri
812 3705 895 3778 dare
911 3702 1123 3778 beneficium
1140 3705 1220 3779 nul·

206 3822 282 3913 lum
307 3844 417 3929 potes
444 3827 488 3904 Id
512 3829 597 3906 mihi
623 3831 795 3931 intelliges
821 3856 896 3904 esse
923 3832 1165 3930 gratissimum.
