2648 4822
161 405 208 500 40
513 419 683 471 rrrsrora
708 420 810 469 cxxv.
935 420 964 468 aa
981 421 1016 480 r.
1035 417 1132 483 unns

163 529 244 602 dam
269 526 380 600 nolles
404 525 532 599 videre.
558 523 645 623 Sed,
670 549 776 624 quum
801 521 931 595 leniora
953 546 1027 594 non
1043 523 1159 598 multo.

161 663 294 753 essent,
318 679 407 758 quae
432 650 635 724 audirentur
646 653 672 747 ⁵,
697 675 801 753 quam
827 673 915 748 quae
942 647 1159 746 viderentur5

163 783 358 884 suspicarer
383 793 516 875 autem,
544 776 691 849 multum
717 777 881 849 interesse
904 777 955 848 rei
980 774 1156 848 familiaris

162 923 265 1007 tuae,
289 921 325 980 te
351 932 454 1007 quam
488 905 638 1006 primum
671 904 806 1001 venire,
837 900 943 1002 idque
972 901 1009 974 in
1034 895 1157 974 omnes

161 1049 281 1134 partes
304 1031 436 1115 valeret
452 1034 484 1103 ⁶:
510 1031 650 1131 putavi,
674 1056 713 1102 ea
741 1028 784 1100 de
809 1054 846 1101 re
872 1041 907 1100 te
933 1053 1009 1101 esse
1034 1025 1156 1131 adme-

161 1159 324 1233 nendum.
367 1158 438 1231 Sed
475 1159 664 1259 quoniam,
701 1155 787 1256 quid
823 1154 909 1227 mibi
947 1153 1157 1253 placerem,

161 1266 317 1387 bstendi3
342 1285 474 1387 reliqua
501 1300 539 1356 tu
565 1308 631 1383 pro
656 1297 716 1355 tua
749 1281 934 1381 prudentia
960 1279 1158 1359 considera-

159 1406 223 1485 bis.
241 1414 307 1516 ¹Me
334 1404 451 1486 tamen
476 1410 599 1509 velim,
616 1410 713 1512 quod
731 1409 776 1482 ad
802 1408 968 1506 tempus⁸
987 1421 1022 1480 te
1039 1431 1158 1506 exspe-

162 1512 312 1634 ctemris,
337 1508 521 1611 'certiorem
546 1537 661 1608 facias.
689 1533 786 1607 Vale.

573 1787 744 1861 DXXVI·
899 1829 953 1886 (n
970 1828 1021 1875 m..
1039 1827 1133 1888 vnn

161 1967 378 2046 Argumentum.
400 1968 590 2048 Torquatum
613 1966 736 2027 Athenis
757 1964 940 2026 exsulantem
960 1963 1140 2024 consolatur.

294 2166 346 2217 scr.
367 2166 460 2218 nomae
481 2168 511 2220 a.
528 2162 562 2218 v.
581 2165 609 2218 c.
628 2164 772 2232 nccvnr,
789 2149 877 2216 mem
894 2163 1021 2215 naimo.

329 2357 371 2420 M.
390 2357 425 2420 T.
443 2355 587 2422 CICERO
604 2358 639 2419 A.
656 2354 876 2435 ‚TORQVATO
893 2353 923 2418 S.
939 2353 978 2416 Ι).
1046 2383 1050 2388 ·

213 2574 224 2618 1
255 2545 367 2644 Novi,
392 2546 490 2648 quod
516 2545 561 2618 ad
587 2559 621 2618 be
653 2542 859 2642 scriberem,
891 2540 986 2627 nibil,
1002 2554 1093 2616 erat:
1121 2554 1156 2613 et

157 2685 274 2743 tamen
282 2728 292 2770 7
319 2673 348 2743 si
375 2672 460 2772 quid
485 2684 592 2766 esset,
618 2669 771 2743 sciebam
796 2684 831 2742 te
849 2696 868 2742 a
885 2670 953 2741 tuis
974 2669 1156 2742 certiorem

157 2797 230 2868 fieri
256 2795 375 2869 solere.
413 2798 466 2869 De
499 2796 622 2868 futuris
656 2810 772 2870 autem
800 2795 904 2869 rebus
929 2795 995 2866 etsi
1019 2819 1156 2894 semper

157 2920 297 2996 dfficile
335 2935 388 2994 est
422 2922 556 3020 dicere,
592 2934 711 2994 tamen
745 2923 923 2996 interdum
954 2922 1155 2996 coniectura

145 3044 268 3146 ¹possis
294 3047 440 3147 propius
466 3044 648 3148 accedere,
675 3076 782 3152 quum
808 3063 862 3123 est
885 3073 940 3122 res
965 3047 1154 3145 eiusmodi,

154 3173 251 3246 cuius
277 3174 389 3257 exitus
415 3174 623 3272 provideri¹
652 3177 770 3275 possit.
804 3174 906 3251 Nunc
940 3186 1077 3246 tantum
1102 3173 1154 3248 vi·

153 3284 279 3373 demur
303 3298 517 3399 intelligere,
549 3327 622 3374 non
649 3302 851 3376 diuturnum
876 3299 1006 3373 bellum
1032 3299 1107 3374 fore
1124 3315 1154 3372 ¹:

153 3426 218 3496 etsi
243 3425 282 3496 id
307 3426 422 3525 ipsum
448 3428 625 3502 nonnullis
651 3429 819 3502 videtur³
846 3454 953 3503 secus.
978 3427 1154 3528 Equidem

152 3575 262 3649 quum
288 3549 375 3621 haec
401 3551 613 3652 scribebam,
650 3555 782 3655 aliquid
813 3556 883 3626 iam
908 3566 1026 3625 actum
1051 3566 1154 3652 puta·

151 3672 250 3745 bam:
275 3699 348 3746 non
375 3703 445 3777 quo
472 3703 536 3776 ego
564 3693 660 3752 certo
686 3682 828 3777 scirem,
849 3679 912 3752 sed
937 3677 1038 3780 quod¹
1059 3675 1153 3750 haud

25 3814 26 3818 ’
152 3790 329 3873 ἆὶῐῐὶοίΙὶε4
355 3816 429 3875 erat
455 3806 663 3878 coniectura,
688 3805 778 3879 Nam
804 3830 911 3907 quum
936 3804 1052 3876 Omnis
1071 3802 1155 3876 belli

153 3924 247 3998 Mars
273 3931 487 4027 communis,
526 3946 561 4004 et
594 3959 701 4033 quum
726 3958 863 4031 semper
888 3931 1012 4005 incerti
1038 3930 1150 4004 exitus
