2648 4822
243 391 317 467 528
607 408 878 463 tnrortrroaes

240 537 260 578 a
280 514 383 578 Nullas
403 534 421 574 a
440 512 580 577 Vestorio
593 512 693 575 literas
706 512 820 597 acuit,
839 524 874 573 ut
893 528 1080 594 cognoscere
1100 516 1271 598 quiquam

279 626 399 708 possem
419 621 459 684 de
479 623 612 683 cretione
633 621 738 682 Cluvii.
760 622 866 703 ltaque
885 618 1045 704 liritplane
1059 620 1190 704 pollex,
1210 645 1271 686 non

29 740 44 775 ⁸
279 732 379 793 index.
400 731 488 792 Iocus
508 731 539 792 in
559 728 756 810 ambiguitate
780 730 916 790 nominis.
935 726 1044 818 l'ollea
1066 733 1155 792 enim
1177 735 1268 794 efiam

195 868 198 875 ·
279 838 390 922 digitus
410 841 441 900 in
461 858 569 899 manu:
590 858 682 918 quem
703 835 795 898 index
814 857 894 920 pone
913 839 1061 919 requitur.
1085 838 1214 903 Manui.

239 947 259 1007 3
279 946 330 1008 Sic
342 966 413 1009 eum
425 945 532 1025 Bosio,
552 943 693 1006 Ernestio
706 955 738 1005 et
751 942 893 1005 Schuuio
907 941 974 1003 eod.
986 942 1097 1005 Ambe.
1116 944 1156 1007 16
1170 957 1204 1009 et
1220 948 1265 1009 at

279 1054 355 1115 lens.
376 1053 488 1115 Notum
510 1064 569 1135 est,
590 1052 749 1114 Caesarem
768 1063 837 1134 post
857 1050 1089 1134 Hispaniensem
1102 1054 1263 1117 victoriam

279 1159 343 1221 (luo
362 1158 490 1244 prandia
510 1158 624 1243 populo
644 1157 825 1241 praebuisse.
847 1157 927 1219 Suet
941 1159 974 1217 in
986 1156 1042 1218 lul.
1064 1180 1092 1220 e.
1112 1157 1174 1243 383
1186 1161 1261 1223 Plin

277 1267 362 1347 XIV,
379 1265 424 1329 15.
444 1267 542 1349 Lepta
554 1268 647 1347 igitur
659 1276 830 1349 optaverat,
842 1275 878 1327 ut
890 1263 947 1325 sibi
960 1285 979 1325 a
992 1263 1126 1327 &esan
1143 1271 1261 1331 curatio

278 1379 338 1443 vini
364 1375 404 1436 ad
429 1375 485 1436 has
509 1373 614 1457 epulas
639 1373 842 1435 mandaretur.
863 1371 919 1433 Alii
939 1371 1018 1434 bene
1038 1373 1128 1435 marlti
1154 1375 1259 1458 legsmt

276 1483 316 1544 de
335 1502 393 1544 sua
413 1484 443 1541 ui
462 1483 493 1543 in
512 1482 680 1565 curatione,
701 1492 732 1542 et
751 1478 926 1564 explanant:
954 1479 993 1542 de
1013 1501 1069 1542 sua
1096 1480 1259 1567 iamltate,

275 1611 368 1674 quam
388 1590 478 1651 vellet
503 1593 534 1650 in
561 1592 716 1650 curatione
740 1589 883 1649 ludorum
910 1587 1084 1672 ostendere,
1112 1602 1145 1652 et
1174 1595 1258 1654 aiunt

274 1697 335 1760 hoe
353 1696 598 1763 modolocutum
621 1695 798 1757 Ciceronem
819 1694 859 1757 de
879 1695 969 1756 Orat.
987 1697 1015 1774 l,
1035 1696 1091 1780 49:
1113 1697 1257 1762 Philoro-

273 1806 330 1888 plsi
356 1803 485 1887 denique
511 1804 628 1886 ipsius,
654 1805 710 1886 qui
734 1802 772 1864 de
799 1825 857 1865 sua
883 1805 913 1863 ui
937 1825 976 1864 ac
1001 1804 1156 1886 rapientia
1180 1829 1255 1868 wau

228 1946 231 1951 ·
273 1915 378 1974 omnia
404 1933 501 1995 paene
528 1911 691 1995 profitetur.
724 1914 764 1971 At
793 1911 844 1972 hic
874 1933 935 1972 non
961 1914 1062 1993 agitur
1089 1892 1131 1975 de
1156 1914 1255 1976 forma

273 2019 434 2101 loquendi,
460 2019 515 2082 sed
536 2018 575 2081 de
600 2021 753 2081 sententia.
782 2020 878 2102 Magis
904 2039 954 2080 me
980 2031 1098 2095 movet,
1124 2023 1254 2105 quoda

273 2127 439 2211 Mongaltio
460 2127 613 2211 obiicitur,
634 2148 743 2211 nempe
764 2126 802 2188 de
815 2148 977 2189 munerum
991 2149 1026 2187 ac
1041 2128 1189 2191 ludorum
1201 2153 1253 2191 cu·

272 2238 408 2319 ratione,
434 2258 496 2297 non
517 2239 598 2316 vini,
625 2238 752 2319 Leptam
775 2235 942 2315 lahorasse,
964 2237 1048 2319 quod
1070 2248 1193 2300 constat
1218 2260 1252 2301 ex

273 2365 319 2426 ep.
340 2343 507 2405 Dcxxxl.
529 2348 687 2427 Attamen,
713 2346 737 2405 si
765 2344 865 2404 locum
890 2354 971 2406 recte
991 2345 1144 2428 inspicias,
1166 2367 1251 2409 oom-

271 2463 392 2534 pertum
413 2455 483 2513 satir
502 2451 643 2534 habebis,
670 2451 729 2511 illie
749 2454 797 2533 agi
821 2471 883 2511 non
904 2450 942 2512 de
962 2454 1120 2514 curatione
1139 2474 1250 2516 mune-

164 2612 167 2619 .
271 2580 339 2618 tum
360 2564 391 2620 in
412 2581 537 2641 genere,
558 2560 611 2621 sed
631 2559 670 2620 de
690 2560 798 2641 aliqua
819 2570 936 2620 tantum
963 2562 1141 2642 curatione,
1168 2585 1248 2646 quae

269 2668 377 2750 aliqua
398 2669 512 2727 curatio
535 2668 574 2727 ad
596 2671 654 2728 vini
677 2671 878 2749 curationem,
899 2667 962 2751 vel,
989 2668 1046 2728 hae
1066 2689 1129 2729 non
1150 2673 1248 2754 impe-

269 2785 364 2857 trata,
385 2775 423 2835 ad
445 2776 575 2857 aliquam
596 2776 686 2835 aliam
699 2779 884 2836 curationem
899 2778 928 2835 in
943 2779 1041 2858 specie
1056 2776 1162 2837 referri
1178 2791 1248 2861 pot-

270 2892 322 2940 est
344 2881 400 2942 Alii
422 2887 577 2964 corrigunt
597 2883 636 2943 de
656 2904 713 2943 sua
733 2905 765 2942 re
784 2905 823 2943 ac
837 2886 952 2945 ratione
959 2885 1007 2957 ,·,1.
1022 2885 1057 2944 F.
1072 2885 1248 2949 Gronovius

270 2987 445 3049 coniieiebat
459 3010 493 3049 cx
507 3011 553 3073 ep.
568 2991 759 3053 DCCCXLV
771 2993 849 3051 circa
863 2990 913 3051 fin.
928 2991 1035 3052 desua
1050 2992 1245 3073 ligura-itione,

269 3105 304 3154 ut
323 3095 430 3156 Cicero
443 3100 484 3157 sic
496 3118 551 3179 per
571 3109 756 3159 contemtum
777 3099 970 3182 appellaverit
991 3101 1168 3180 petitionem
1191 3125 1245 3165 cu-

269 3205 391 3264 rationis
405 3227 566 3266 munerum
582 3218 612 3267 et
626 3207 768 3267 ludorum
784 3229 801 3266 a
815 3208 943 3267 Caesare
963 3227 1019 3289 per
1039 3210 1179 3288 regiones
1195 3232 1247 3270 ur-

267 3309 314 3371 bis
334 3311 521 3396 dandorum,
542 3315 715 3374 Tunstallus
737 3314 774 3373 de
795 3313 944 3383 συνωνύμῳ
963 3316 1129 3388 curatione,
1152 3329 1190 3378 ut
1207 3319 1246 3379 ad

266 3442 377 3480 nomen
399 3422 511 3503 Leptae
534 3426 725 3504 respiciatur,
747 3433 777 3481 et
797 3419 871 3480 illud
893 3423 1055 3482 curationis
1074 3444 1189 3484 munus
1203 3434 1242 3490 lr-

264 3531 332 3586 arlu
351 3529 531 3611 appelletur,
553 3533 569 3588 i.
592 3551 617 3588 e.
640 3540 730 3589 tcnuc
745 3541 774 3588 et
789 3530 940 3609 exiguum.
961 3528 1041 3588 Edd.
1058 3551 1104 3612 pr.
1119 3533 1246 3618 vitiose,

263 3647 354 3715 puto,
374 3635 413 3696 de
433 3659 490 3696 sua
511 3639 538 3695 vi
559 3637 589 3695 in
614 3634 757 3708 Cremona,
782 3636 829 3695 vel
853 3634 1018 3696 Curionem.

221 3741 243 3816 4
263 3742 376 3825 Supple
396 3744 529 3826 praedio.
552 3744 685 3804 Conveni
708 3755 808 3804 autem
823 3745 855 3804 iu
868 3765 905 3804 eo
919 3744 1043 3827 praedio
1065 3747 1247 3829 Lanuvino,

262 3851 346 3931 quod
367 3872 424 3934 ego
445 3852 556 3932 Balbo,
576 3851 687 3912 Bulbus
702 3864 804 3913 autem
817 3852 935 3934 Lepido
949 3853 1098 3937 vendidit3
1119 3867 1157 3923 ut
1178 3858 1246 3922 ool·

263 3955 364 4038 ligitur
384 3981 421 4021 cx
443 3981 488 4046 ep.
511 3960 706 4022 Dcxxxm.
730 3958 796 4021 Hoc
815 3961 876 4020 iam
898 3962 1044 4025 Graevius
1065 3960 1149 4027 vidit.
