2648 4822
503 455 542 505 m
567 453 758 506 ieramus
1061 443 1129 538 dai

170 553 331 638 descripsit
344 553 472 617 Videtur
492 568 593 618 autem
614 558 748 620 Ciuatiru
766 558 815 620 hia
835 559 1013 626 architectus
1024 562 1134 650 'mima

59 673 65 682 '
170 673 223 722 aut
243 673 322 724 uerte
342 662 432 724 huiui
452 667 567 745 generis
586 666 764 748 intelligens,
777 669 860 751 quod
879 672 968 731 etiam
988 673 1136 760 infraap·

168 782 272 852 paret,
293 772 468 854 epDLX1,
484 773 512 832 3.
534 773 650 834 Mauut
671 775 745 835 Mox
763 796 857 858 neqroe
875 777 913 838 de
933 799 975 854 re,
991 783 1134 844 nimirum

169 876 207 937 de
228 899 261 939 re
282 880 361 961 ipsa,
381 878 440 938 boc
461 891 521 963 est,
543 879 580 940 de
600 880 671 941 sano
691 883 843 965 erigendo.
884 904 887 909 ·

128 985 156 1060 d'
170 985 304 1068 Suppie,'
322 986 437 1046 dubito.
469 987 584 1048 Revera
611 1009 708 1071 saepe·
725 990 755 1048 in
779 1011 847 1073 epp.
868 1012 1069 1074 seqqssermo
1089 1006 1134 1057 est

151 1131 153 1136 .
167 1093 205 1153 de
220 1093 352 1154 emendis
365 1093 474 1174 hortis,
487 1098 560 1176 quin
574 1107 675 1157 tamen
689 1096 801 1179 aliquid
817 1099 984 1160 confectum
997 1104 1133 1164 aciamus·
1245 1109 1256 1127 ‘

127 1199 148 1260 5
169 1200 310 1261 Tulliam.

125 1305 269 1369 6Verba
298 1307 337 1368 ad
367 1311 499 1370 omnium
512 1342 553 1356 -·
569 1310 729 1372 latmorum
759 1310 898 1374 videntm
924 1334 943 1374 a
969 1313 1133 1395 glossatore

166 1413 295 1497 adiecta,
315 1418 367 1498 qui
388 1416 477 1478 vellet
497 1417 641 1501 explicare
661 1417 737 1479 illud
756 1420 838 1480 omni
854 1442 957 1502 genere
968 1423 1132 1484 mammen·

164 1536 274 1604 torum,
295 1527 468 1607 accepitque
482 1523 663 1609 descriptis,
683 1547 745 1586 non
758 1527 798 1588 de
810 1526 959 1589 aedificiis.
980 1528 1072 1590 Certe
1088 1529 1132 1591 ie-

163 1630 296 1710 gendum
317 1646 346 1694 et
362 1632 494 1692 ommino
515 1634 713 1714 ingomirem
734 1634 852 1696 Sciam
871 1634 951 1697 Edd.
970 1636 1026 1697 Ro.
1041 1635 1131 1699 ntiae·

163 1759 224 1820 que
245 1749 372 1822 postem.
393 1754 653 1801 monunremomm.

92 1830 97 1838 ’
123 1868 140 1926 7
164 1848 383 1927 Argumentum
404 1848 442 1909 de
463 1849 681 1930 consolatione3
702 1871 748 1931 ep.
769 1849 903 1930 DXXX,
924 1851 952 1910 3.
1061 1875 1065 1882 ’

121 1952 142 2016 8
162 1954 497 2038 SicffsemperJCioem,
523 1977 579 2039 pro
592 1980 594 1985 ¹
606 1960 753 2040 praesenti
775 1958 874 2032 mittor
900 1957 961 2020 seii.
983 1978 1053 2019 cum
1072 1957 1131 2020 hac

166 2062 299 2144 epistola.

123 2167 317 2251 9i3‘inteliige,
337 2170 496 2232 Ciceronis.

125 2276 283 2360 101dest,
313 2298 352 2338 ne
382 2298 436 2338 nos
463 2278 585 2339 frustrat
604 2297 675 2338 ·non
708 2278 850 2338 solvendo
876 2280 1055 2360 pecuniam3
1081 2298 1129 2361 ep.

163 2385 363 2466 buxum„

124 2513 154 2552 ιι
180 2493 365 2553 Particulam
386 2502 544 2575 negantem
565 2491 721 2552 Schtitaius
741 2490 898 2552 delendam
918 2505 982 2551 erae
1003 2499 1110 2552 aenea
1217 2573 1218 2576 Ἴ

124 2621 157 2660 12
180 2599 247 2661 Hoc
273 2611 336 2681 est,
368 2598 443 2660 de'
436 2619 500 2681 ipso
521 2599 639 2680 fenore,
666 2619 720 2660 reu
740 2602 837 2681 eapite
855 2596 1047 2682 (capitale),
1072 2616 1132 2680 pro

157 2729 220 2790 quo
241 2707 386 2790 sulpitius
407 2717 438 2768 et
456 2707 600 2788 Egnatiur
620 2706 855 2791 spoponderunt.
874 2706 903 2767 I
926 2706 963 2766 F.
987 2705 1124 2783 Gronov.

125 2817 160 2876 13
182 2816 249 2898 Ep
241 2815 409 2894 'Dxxlx
430 2816 458 2875 3.

123 2926 158 3001 ¹4
180 2923 370 3004 significatui
390 2922 464 2983 iilud
484 2934 616 3006 tempus,
637 2943 699 3003 quo
719 2922 761 2982 Μ.
782 2924 928 2981 Antonius
942 2920 1039 2981 Roma
1060 2938 1131 3002 pr-o

157 3034 267 3114 fectus,
288 3043 322 3092 ut
342 3034 372 3092 in
387 3031 559 3113 Hispaniam
573 3030 612 3090 ad
628 3031 785 3090 Caesarem
802 3031 873 3124 iret,
888 3039 1004 3088 mutato
1019 3025 1128 3087 deinde

160 3142 281 3201 consilio
288 3184 299 3212 ,
321 3139 419 3199 reditu
440 3137 604 3198 admodum
626 3137 714 3197 celeri
735 3158 789 3219 per
804 3136 919 3197 ltaliam
939 3138 1086 3215 cucurrit,
1100 3144 1130 3196 ot

158 3262 248 3310 noctu
270 3248 377 3309 urbem
399 3249 537 3306 introivit.
559 3246 652 3306 Cuius
672 3246 864 3305 festinationis
889 3246 1019 3303 maxima
1039 3261 1130 3300 causa

159 3359 231 3437 fnit,
245 3356 343 3437 quod,
357 3376 451 3437 quum
473 3365 590 3436 tempus
611 3357 669 3412 iam
692 3352 807 3412 adesset
827 3355 890 3412 eius
909 3351 1054 3432 pecuniae
1069 3346 1129 3407 soi·

158 3465 288 3545 vendae,
309 3484 401 3545 quam
421 3482 478 3544 pro
500 3460 585 3521 emtis
607 3464 636 3519 in
657 3463 794 3520 auctione
814 3459 868 3518 Cn
882 3458 1023 3537 Pompeii
1042 3453 1130 3514 boni·

158 3569 275 3629 Caesari
297 3568 443 3646 debebat,
463 3568 625 3628 verebatur
644 3589 682 3627 ne
703 3570 767 3649 ipso
788 3566 910 3625 absente
934 3560 1061 3646 praedes
1082 3561 1128 3621 sui

160 3677 365 3738 venderentur.
386 3676 503 3736 Manus.
525 3673 611 3735 conf.
632 3674 707 3734 Phil.
730 3675 774 3756 11,
796 3672 843 3732 26.

125 3783 158 3843 15
183 3784 248 3842 Hoc
269 3793 328 3865 est,
357 3783 493 3844 homines
519 3781 660 3865 praedes,
686 3785 746 3843 sive
774 3779 978 3862 fideiussores,
998 3794 1129 3857 quorum

161 3889 246 3950 bonis
267 3889 394 3972 praediis
419 3893 566 3952 Antonius
592 3891 708 3951 aerario
737 3899 872 3966 caverat,
897 3886 988 3967 vulgo
1008 3878 1130 3943 sicurtd.

166 3998 239 4057 Mox
265 3997 464 4057 accucurrisre
496 4000 619 4058 omnino
648 3997 827 4076 insolentem
858 3993 926 4054 edd.
958 4000 1027 4052 vett
1059 4007 1130 4049 cum
1213 3990 1217 3998 ’

170 4108 333 4188 ilervagio,
355 4106 457 4166 Lamb.
481 4107 605 4188 aliisque
626 4109 796 4166 accurrisse.
