2648 4822
537 454 577 505 ιιι
600 451 790 504 serranus
1092 429 1162 535 471

203 558 296 620 bomo
317 559 400 641 (epp.
421 554 946 638 cccxe111‚3etnct.xxx1tt),
965 557 1018 638 qui
1037 577 1072 618 re
1083 556 1167 641 prdsl.

201 664 279 728 bene
300 667 458 726 constituta
477 685 534 747 pro
555 675 638 725 certo
657 663 825 746 habuisset,
850 661 907 725 sibi
932 662 971 724 ad
994 661 1167 747 petitionem

198 772 315 834 nullum
336 772 450 833 aditum
468 783 580 854 patere.

159 903 178 960 7
198 883 314 942 Romae
333 889 514 961 aegrotante.

157 986 468 1070 ereptiones.
490 985 613 1069 Aliquot
638 985 707 1047 libri
734 986 780 1047 ad
808 985 997 1057 &cemoemr
1024 985 1166 1047 nimirum

199 1092 310 1173 filium,
330 1093 452 1155 Athenis
472 1093 640 1176 degentem.

589 1331 742 1393 DLXXX.

164 1544 174 1585 r
199 1520 367 1605 Peducaei,
387 1543 434 1606 ep.
456 1542 534 1603 seq,
558 1541 569 1583 r
594 1533 625 1584 et
643 1522 841 1599 DLXXXIV,
862 1522 890 1582 3.

158 1651 177 1692 a
198 1633 245 1693 An
266 1630 305 1692 de
325 1631 468 1694 Terentia
489 1629 609 1692 dimissa
629 1640 673 1691 est
693 1628 825 1692 sermot‘,

578 1871 743 1931 DLXXXI.

162 2081 173 2120 t
198 2060 425 2121 Grammaticus.
450 2059 624 2130 Valerium,
646 2060 890 2122 iureconsultum.

158 2187 177 2227 a
199 2168 246 2227 Sc
267 2188 395 2228 mecum.
417 2167 492 2226 Nam
513 2187 583 2226 cum
603 2167 658 2226 illis
678 2188 741 2227 nou
762 2166 1000 2228 communicabo.

157 2274 176 2333 3
196 2273 270 2333 Post
288 2271 499 2355 Peducaeum,
518 2272 577 2332 hoc
598 2280 657 2349 est,
677 2282 746 2353 post
765 2270 916 2332 Peducaei
936 2274 1115 2335 auctionem.

157 2379 266 2457 4Vno
287 2399 321 2440 ex
342 2378 541 2440 coheredibus
562 2378 753 2462 Scapulanis,
774 2400 821 2462 ep.
841 2380 987 2459 DLXXl,
1005 2380 1092 2464 13da
1104 2384 1169 2465 qui·

197 2487 255 2547 bus
276 2489 306 2547 in
328 2508 375 2570 ep.
395 2487 539 2568 DLXlll,
561 2486 591 2562 4.

155 2593 178 2656 5
197 2594 363 2656 Hortorum
376 2593 614 2677 Scapulanorum
629 2592 732 2653 fuam
744 2595 789 2654 sit.
804 2592 849 2654 cf.
863 2613 930 2677 epp.
946 2589 1116 2677 nmlx,
1130 2592 1169 2680 33

196 2702 355 2779 DLXVII,
374 2702 410 2784 43
431 2701 574 2778 naxssl,
595 2701 617 2776 4
636 2711 667 2761 et
687 2701 814 2780 DLXll,
835 2702 864 2764 3.
899 2690 901 2692 ’

155 2806 177 2869 6
196 2807 362 2869 Lambinus
381 2807 491 2889 aliique
511 2818 581 2870 vett.
602 2827 665 2868 non
685 2818 852 2889 agnoscunt
871 2810 936 2870 hoc.

157 2937 175 2995 7
195 2915 307 2976 Balbus
327 2926 358 2976 et
378 2915 512 2999 Oppius,
532 2915 666 2977 Caesaris
686 2915 854 2977 familiares.
878 2915 1005 2979 Corrad.

157 3021 174 3080 8
194 3023 274 3084 Edd.
295 3024 352 3084 Ro.
373 3023 459 3105 Aldi,
479 3023 584 3084 Lamb.
606 3035 638 3085 et
657 3023 748 3086 Herv.
768 3023 820 3086 An
838 3043 904 3086 vem
925 3026 1070 3088 rimabat.

155 3150 177 3214 9
197 3131 229 3190 Si
249 3132 296 3191 isti
322 3130 479 3213 epistolam
504 3131 560 3192 sibi
586 3130 705 3214 placere
731 3131 888 3216 simulant,
913 3153 992 3215 quaa
1018 3133 1168 3196 simulatio

197 3258 235 3300 ex
261 3237 359 3300 verbis
378 3248 410 3299 et
429 3237 516 3300 vultu
542 3242 679 3321 cognosci
706 3239 791 3302 facile
816 3251 923 3323 potest.
948 3242 1023 3302 Mox
1050 3248 1164 3335 paidep

198 3347 278 3406 eruit
297 3345 450 3406 Victorius
471 3367 510 3407 ex
529 3344 652 3407 meliore
673 3347 794 3428 codice,
811 3346 904 3430 idque
920 3348 1088 3431 probarunt
1101 3349 1168 3411 VV.

195 3453 263 3513 DI).
279 3475 348 3514 cum
360 3453 515 3536 Ernestio,
536 3455 587 3535 qui
607 3463 708 3515 tamen
728 3457 760 3515 in
779 3466 861 3516 textu
881 3458 1003 3517 retinuit
1023 3469 1088 3538 μυῖα
1106 3464 1168 3530 ὅση.

197 3558 258 3620 Sed
277 3563 301 3620 si
320 3582 426 3622 verum
448 3573 524 3622 esset
543 3574 628 3644 μυῖα,
644 3561 764 3640 malim,
785 3565 881 3643 inquit
896 3562 1068 3646 Sebritaius,
1085 3570 1167 3643 μυῐαν

199 3675 250 3748 ὥς,
267 3678 302 3727 ut
322 3668 426 3729 Cicero
451 3672 615 3752 respexerit
640 3669 680 3730 ad
700 3690 774 3730 vers.
796 3670 918 3730 Homer.
933 3668 1014 3742 Iliad.
1030 3668 1079 3728 lV.
1099 3669 1171 3754 130,

197 3774 388 3857 Atticumque
413 3779 579 3855 monuerit,
599 3788 635 3838 ut
654 3775 731 3838 banc
750 3798 815 3842 rem
836 3779 877 3838 ita
896 3787 984 3836 caute
1011 3786 1171 3857 tractaret,

196 3892 232 3942 ut
251 3892 349 3943 mater
367 3905 501 3946 muscam
521 3907 539 3944 a
561 3885 727 3948 dormiente
747 3886 858 3947 infante
881 3884 1012 3965 abigens.

163 4006 199 4047 ro
217 3987 273 4071 Ep.
293 3989 402 4052 Dxnt.
