2648 4822
223 407 298 511 ³⁷⁴
562 426 890 479 mm-
1006 423 1211 488 ms·

640 655 821 731 mv·
949 696 1006 753 (fl
1019 695 1073 742 αι.
1087 695 1162 755 Ι,
1175 699 1210 757 5)

221 841 448 920 ltprann
464 834 1237 915 PetitaClnrio.Panho.que-Caenragro

263 941 1236 1026 hcnthssutpmdifflmbmmnuidpfi

262 1049 846 1132 Atellanirediyalisageteliriffl.

358 1251 1091 1321 &antummum-nomm

397 1455 443 1520 ll.
467 1456 506 1521 T.
529 1453 678 1521 ctcnlto
701 1452 881 1519 ctwlo=
906 1453 938 1516 S.
962 1454 996 1517 P.
1017 1452 1057 1516 Ι).

271 1660 396 1756 anm
419 1662 459 1734 in
483 1657 638 1735 Gallim
661 1660 907 1760 prolimen,
930 1682 1000 1758 pro
1022 1634 1233 1730 nostrane·

222 1786 437 1862 mintius
461 1800 594 1887 tuaque
618 1812 758 1859 somma
780 1785 821 1859 in
844 1810 902 1857 me
926 1783 1170 1882 observantia,
1185 1782 1235 1856 ad

219 1939 280 1989 me
305 1913 482 1986 domum·
498 1914 673 2010 venisses,
696 1911 837 1988 locutus
853 1938 932 1983 rum
949 1924 1068 1982 tecum
1083 1908 1129 1982 de
1146 1935 1233 2008 agro

219 2038 386 2139 vectigali
410 2039 593 2138 municipii
617 2037 790 2137 Atellani,
815 2038 905 2139 qui³
921 2050 1015 2110 eset
1035 2038 1075 2109 in
1100 2035 1236 2134 Gallia3

219 2180 427 2270 quantoque
443 2191 555 2266 opere
581 2167 658 2238 eius
682 2165 867 2263 municipii
890 2188 997 2236 cansa
1019 2162 1236 2262 laborarem,

220 2293 288 2368 tibi
304 2292 456 2367 mndi.
475 2294 566 2367 Post
581 2307 681 2366 tuam
697 2307 817 2366 antem
833 2291 1107 2391 profectionem,
1121 2316 1233 2392 quum

219 2432 259 2497 et
274 2423 428 2494 maxima
445 2446 502 2495 res
518 2421 702 2520 municipii
718 2418 956 2491 honestissimi
973 2416 1128 2519 mihique
1145 2441 1233 2490 eon·

217 2545 445 2643 iunctissimi,
472 2560 508 2619 et
534 2573 713 2619 summum
738 2571 855 2617 meum
881 2543 1036 2618 officium
1058 2557 1234 2642 ageretur,

218 2694 287 2772 pro
313 2686 376 2745 tuo
402 2672 524 2743 animo
555 2673 593 2744 in
623 2699 680 2744 me
713 2670 897 2770 singulari,
928 2672 1143 2769 existimari,
1176 2696 1234 2742 me

219 2809 385 2895 oportere
412 2795 459 2869 ad
486 2811 520 2870 te
546 2800 744 2871 accuratius
766 2799 934 2870 scribere:
961 2799 1027 2870 etsi
1053 2823 1126 2870 non
1151 2824 1233 2870 sum

218 2921 374 3019 nescius,
400 2935 437 2993 et
453 2949 543 3023 quae
562 2939 764 3024 temporum
782 2927 886 3022 ratio,
912 2939 949 2997 et
973 2950 1064 3025 qnae
1091 2941 1151 2997 tna
1169 2950 1234 3024 po·

217 3056 327 3120 tostas
352 3046 415 3145 sit,
440 3047 575 3150 tibique
600 3052 783 3148 negotium
809 3051 933 3122 datum
953 3077 1030 3123 esse
1047 3078 1067 3123 a
1084 3051 1124 3123 G
1140 3051 1232 3123 Cae·

215 3195 310 3271 aare,
335 3198 408 3245 non
433 3173 602 3248 iudicium
618 3174 646 3274 l,
670 3175 851 3277 praeclare
877 3176 1045 3276 intelligo.
1073 3180 1230 3269 Quarea

215 3308 253 3372 te
278 3311 416 3372 tantum
442 3314 545 3402 peto,
576 3319 749 3404 quantum
776 3317 812 3376 et
838 3317 873 3376 te
899 3304 1012 3376 faeere
1046 3329 1172 3404 posse,
1196 3317 1234 3376 et

215 3419 366 3499 libenter
383 3453 461 3500 rnea
480 3453 585 3500 causa
602 3428 776 3502 facturum
801 3456 877 3504 esse
903 3429 1065 3503 arbitror.
1093 3432 1142 3503 Et
1159 3431 1233 3530 pri·

215 3572 314 3622 mum
333 3550 437 3623 velim
463 3555 658 3652 existimes,
684 3556 782 3656 quod
800 3583 854 3629 ree
873 3570 943 3654 est,
962 3559 1147 3657 municipii
1164 3556 1233 3630 for·

215 3682 318 3745 lunas
352 3699 474 3748 omnes
499 3678 536 3749 in
561 3680 631 3751 isto
658 3681 820 3778 vectigali
847 3683 1061 3781 consistere5
1087 3681 1143 3754 bis
1169 3709 1232 3754 au-

213 3808 287 3872 tem
305 3802 522 3901 temporibus
540 3803 608 3878 boc
628 3808 861 3906 municipium
878 3810 1043 3882 maximis
1062 3808 1228 3882 oneribus

213 3946 388 4023 pressum,
411 3929 555 4005 summis
572 3930 737 4005 allectum
754 3959 830 4007 esse
848 3932 1122 4009 difficultatibus.
1141 3934 1221 4007 Hoc
