2648 4822
489 454 659 505 nrtsrout
686 457 801 504 nxxxt.
929 454 961 505 Δ.
978 458 1012 505 r.
1031 456 1061 505 c.
1078 454 1128 519 ,ου

564 678 740 753 DXXXI·
869 721 927 778 (iu
942 720 992 767 Αιι.
1007 722 1063 781 xu,
1079 724 1129 778 is,

154 862 374 938 Argumentum.
401 879 409 916 r
435 859 481 917 De
502 859 692 916 excusatione
712 855 793 937 apud
814 855 989 937 Apuleium
1010 877 1028 915 n
1049 856 1086 917 de
1107 878 1151 917 so-

194 965 318 1025 litudine
339 986 410 1037 suu3
430 964 448 1023 3
469 963 507 1022 de
527 962 621 1022 literis
641 962 679 1021 ad
700 961 830 1021 Brutum
850 961 1023 1024 scribendis.

290 1198 342 1249 scr.
361 1197 469 1249 Asturae
488 1200 517 1247 A.
535 1194 568 1248 V.
587 1194 617 1246 C.
635 1194 787 1261 occinit,
805 1212 891 1247 meuse
910 1196 1015 1249 Martio.

466 1418 609 1482 CICERO
635 1418 784 1483 ATTICO
810 1418 839 1481 S.

209 1686 221 1730 1
251 1658 356 1757 Apud
382 1656 587 1757 Apuleium,
611 1658 778 1757 quoniam
798 1659 1063 1758 inperpetuum
1079 1686 1148 1733 tion

154 1781 291 1883 placet,
315 1784 353 1856 in
378 1781 452 1856 dies
476 1795 517 1853 ut
541 1808 707 1881 excuser,
732 1782 877 1856 videbis.
980 1788 985 1793 ’

205 1910 295 1981 nln
319 1908 385 1981 hac
411 1907 598 1981 solitudine
631 1934 733 1982 careo
768 1910 925 1981 omniurn
953 1908 1149 2013 colloquio5

154 2060 330 2134 quumque
353 2060 457 2106 mane
480 2059 537 2106 me
560 2036 596 2106 in
623 2033 747 2108 silvam
771 2034 922 2107 abstrusi
946 2034 1091 2109 densam
1115 2046 1149 2107 et

153 2184 331 2258 asperam,
361 2185 434 2233 non
466 2185 551 2233 exeo
583 2160 667 2231 inde
697 2174 778 2233 ante
803 2184 1000 2258 vesperum.
1025 2160 1149 2233 80000-

154 2282 238 2355 dum
264 2298 298 2356 te
318 2299 341 2384 ¹,
365 2284 451 2357 nihil
477 2299 531 2358 est
554 2285 641 2357 mihi
668 2287 812 2358 amicius
837 2284 1035 2358 solitudine.
1053 2288 1096 2359 In
1110 2310 1149 2359 ea

152 2408 236 2480 mihi
261 2412 376 2483 omnis
401 2437 517 2484 sermo
543 2425 596 2485 est
622 2438 703 2485 cum
723 2412 841 2485 literis.
857 2414 952 2484 Eum
968 2424 1088 2485 umen
1102 2412 1149 2485 in·

152 2534 313 2634 terpellat
336 2534 454 2611 lletus:
480 2539 537 2610 oui
561 2564 736 2638 repugno,
761 2537 879 2639 quoad
904 2562 1067 2637 possum:
1091 2534 1150 2611 sed

153 2659 268 2731 adhuc
293 2687 395 2759 pares
420 2687 494 2734 non
520 2688 647 2735 sumus.

204 2785 225 2855 3
250 2785 378 2884 Bruto,
404 2801 444 2858 ut
469 2786 612 2887 suades,
637 2788 834 2861 rescribam.
852 2788 924 2863 Eas
940 2786 1060 2863 literas
1076 2812 1147 2861 cras

154 2908 307 2983 habebis.
332 2911 452 3004 Quum
476 2914 542 2985 erit
567 2915 623 2987 cui
649 2914 730 3014 des,
756 2913 865 2988 dabis.

553 3291 744 3364 DXXXIl·
861 3334 919 3391 (nt
935 3329 987 3377 Διι.
1004 3332 1064 3389 xit,
1081 3330 1125 3387 rs)

152 3465 367 3543 Argumentum.
393 3488 404 3526 1
436 3472 566 3527 Atticum
596 3489 627 3528 se
659 3468 739 3527 nolle
769 3467 874 3527 scribit
899 3466 938 3527 ad
969 3487 1001 3527 se
1029 3466 1143 3537 renim

191 3590 209 3628 n
240 3583 358 3631 veretur
388 3595 426 3632 ne
457 3573 648 3633 solitudinem
678 3572 838 3655 Philippus
874 3574 979 3633 tollat:
1011 3570 1140 3635 dolorm

191 3697 278 3736 suum
300 3676 392 3739 literis
412 3698 474 3738 non
496 3679 601 3751 leniri,
624 3679 674 3740 sed
695 3677 862 3739 obturbari.
