2648 4822
160 398 227 479 170
508 392 675 445 sersrout
702 396 819 444 mxvr.
935 396 966 444 Α.
984 398 1017 444 v.
1035 398 1064 445 c.
1083 392 1128 460 70⁸

155 526 297 604 quoquo
324 498 430 572 modo
457 523 510 571 res
536 525 573 571 se
604 497 769 594 haberet,
808 522 871 569 vos
907 499 1073 573 certiores
1105 501 1152 572 fa·-

154 655 232 702 cere
249 630 274 698 ³.
299 629 390 700 Ante
417 625 510 699 diem
535 625 574 697 X
599 623 777 696 Kalendas
802 625 938 723 Iunias,
975 653 1084 726 quum
1109 626 1151 698 ab

152 751 368 855 Epidaurol
393 753 575 827 Piraeeum
614 752 694 822 navi
733 750 901 823 advectus
936 777 1071 850 essem,
1105 752 1153 824 ibi

152 879 376 978 Marcellum,
402 878 571 976 collegam
596 890 755 950 nostrum
769 879 795 975 ⁵,
813 879 981 975 conveni,
1007 904 1152 978 eumque

153 1007 246 1086 diem
281 1006 329 1079 ibi
362 1007 560 1105 consumsi,
599 1017 639 1076 ut
671 1031 752 1074 cum
786 1029 828 1075 eo
856 1028 976 1075 essem.
1007 1006 1153 1077 Postero

154 1133 222 1231 die,
251 1161 359 1235 quum
385 1133 429 1205 ab
456 1159 498 1206 eo
526 1132 699 1229 digressus
725 1156 836 1202 essem
862 1155 904 1201 eo
931 1129 1093 1228 consilio,
1116 1143 1154 1200 ut

155 1259 199 1333 ah
225 1258 373 1336 Athenis
391 1261 429 1332 in
445 1259 627 1332 Boeotiam
644 1258 748 1354 irem,
766 1254 1001 1356 reliquamque
1023 1253 1153 1328 iurisdi-

154 1387 308 1459 ctionem
335 1384 568 1457 absolverem:
602 1382 677 1482 ille,
709 1384 761 1454 uti
792 1381 926 1480 aiebat,
950 1407 1054 1479 supra
1080 1382 1153 1452 Ma·

153 1509 258 1582 leas⁰
287 1509 426 1582 Italiam
458 1536 578 1582 versus
610 1511 835 1606 navigaturus
868 1520 950 1579 erat.
980 1507 1153 1579 Postridie

154 1636 228 1707 eius
254 1634 322 1708 diei
341 1654 366 1734 ⁷,
391 1661 499 1736 quum
525 1634 568 1706 ab
595 1634 741 1707 Athenis
774 1634 950 1733 proficisci
975 1634 1012 1704 iu
1038 1635 1152 1705 animo

152 1758 341 1859 haberem,
378 1761 515 1834 circiter
548 1762 672 1834 horam
710 1760 915 1833 decimam⁸
948 1761 1084 1860 noctis,
1117 1761 1153 1832 P.

153 1887 371 1986 Postumius,
396 1886 572 1961 familiaris
599 1890 690 1988 eius,
716 1887 761 1960 ad
787 1887 981 1986 mevenit,
1011 1886 1153 1958 etmihi

152 2014 346 2113 nuntiavit,
362 2016 409 2087 M.
428 2014 652 2114 Marcellum,
668 2014 837 2112 collegam
859 2029 1018 2087 nostrum
1032 2032 1058 2112 9,
1077 2025 1154 2113 post

153 2164 261 2213 cenae
294 2153 451 2241 tempus,
488 2145 570 2215 aP.
597 2144 715 2241 Magio
749 2141 898 2216 Chilone
918 2160 958 2240 ¹⁰,
990 2141 1154 2214 familiare

153 2266 245 2365 cius,
270 2269 423 2367 pugione
449 2294 653 2369 percussum
679 2295 770 2367 esse,
787 2282 822 2340 et
840 2267 913 2340 duo
934 2267 1077 2341 vulnera
1104 2294 1154 2339 ac·

156 2394 308 2493 cepisse,
340 2421 450 2468 unum
482 2397 519 2466 in
552 2393 752 2492 stomacho,
785 2395 931 2466 altemru
957 2396 994 2465 in
1020 2395 1155 2492 capite,

155 2521 349 2595 secundum
376 2550 512 2621 aurem,
530 2549 668 2622 sperare
695 2536 812 2593 tamen
840 2548 876 2592 se
891 2538 918 2570 ¹¹
939 2547 1020 2592 eum
1040 2522 1154 2591 vivere

155 2673 277 2745 posse,
303 2650 459 2746 Magium
485 2675 521 2720 se
548 2651 662 2746 ipsum
687 2648 900 2720 interfecisse
917 2664 961 2744 ¹²3
980 2660 1100 2745 postea
1119 2671 1154 2716 se

156 2797 175 2840 a
202 2771 368 2843 Marcello
396 2772 441 2843 ad
467 2800 522 2843 rne
548 2775 692 2844 missum
719 2800 810 2871 esse,
828 2775 886 2874 qui
906 2772 992 2844 haec
1018 2773 1154 2842 nuntia·

155 2909 223 2993 ret,
249 2910 284 2967 et
310 2913 463 2995 rogaret,
489 2901 583 2969 uti¹³
610 2925 770 2996 cogerem
797 2900 960 2971 medicos.
980 2901 1104 2996 Coegi,
1122 2912 1156 2969 et

155 3021 338 3118 evestigio
357 3049 399 3093 eo
417 3051 493 3095 sum
513 3025 689 3123 proiectus
710 3027 822 3124 prima
840 3025 924 3096 luce.
946 3026 1065 3115 Quum
1085 3050 1155 3095 non

153 3141 257 3242 longe
284 3173 302 3217 a
329 3149 473 3221 Piraeeo
501 3151 674 3249 abessem,
695 3179 782 3251 puer
799 3151 936 3224 Acidini
958 3151 985 3215 ¹·'t
1015 3134 1155 3223 obriain

154 3271 240 3341 mihi
267 3275 363 3346 uenit
381 3301 458 3346 cum
478 3278 664 3375 codicillis,
683 3280 720 3350 in
739 3278 865 3378 quihus
885 3291 959 3350 erat
976 3280 1155 3375 scripturn,

154 3395 272 3492 paullo
300 3413 380 3470 aute
405 3401 517 3472 lucem
545 3403 749 3475 Marcellum
778 3404 868 3474 diem
896 3430 995 3475 suum
1021 3403 1154 3473 obiisse.

154 3520 207 3590 Ita
235 3524 288 3593 vir
313 3524 520 3600 clarissimus
548 3528 590 3600 ah
617 3530 759 3602 homine
795 3530 981 3602 deterrimo
1003 3532 1032 3578 ¹5
1062 3555 1156 3599 acer-

153 3642 299 3720 bissima
324 3666 435 3724 morte
460 3669 513 3727 cst
539 3656 698 3754 allectus,
722 3672 758 3730 et
784 3658 840 3728 cui
867 3656 999 3727 inimici
1019 3658 1049 3706 ¹⁶
1075 3680 1158 3754 pro-

156 3785 234 3870 pter
260 3773 463 3874 dignitatem
488 3799 732 3880 pepercerant,
749 3785 914 3855 inventus
932 3795 987 3854 est
1012 3784 1158 3878 amicus,

158 3898 216 3997 qui
243 3916 390 3977 mortem
406 3921 434 3971 ι7
462 3907 607 3980 allcrrct.
632 3911 709 4008 Ego
738 3924 853 3983 tamen
880 3909 925 3981 ad
954 3909 1157 3982 tabernacu-
