2648 4822
242 431 315 508 330
562 452 732 504 rrrsrona
758 453 928 504 ncxxvrn.
1023 452 1054 506 a.
1070 455 1105 504 v.
1122 453 1152 505 u
1169 453 1218 519 ,οι

238 560 296 635 lae
319 556 551 634 Diocharinae
569 572 595 654 ²,
619 569 737 631 tamen
762 556 867 657 plane
892 553 1110 656 declarabat,
1141 556 1242 634 illum

239 700 321 761 ante
352 683 454 759 ludos
479 683 689 757 Romanos³
721 707 797 755 esse
833 696 1019 755 venturum
1035 681 1061 756 l.
1094 684 1137 756 lu
1170 710 1240 786 qua

238 825 391 886 extrema
416 810 586 912 scriptum
611 822 702 909 erat,
727 822 768 881 ut
793 807 839 881 ad
863 807 967 883 ludos
993 809 1110 882 omnia
1135 835 1240 910 para·

234 950 306 1039 ret,
330 960 418 1011 neve
444 936 693 1033 committeret,
725 946 765 1006 ut
797 932 923 1008 imstra
948 935 1024 1036 ipse
1050 960 1237 1037 properas·

236 1076 290 1138 set
306 1066 331 1137 ⁵.
367 1063 516 1137 Prorsus
546 1086 589 1135 ex
626 1060 680 1134 his
711 1058 820 1133 literis
852 1085 927 1134 non
951 1059 1138 1135 videbatur
1162 1087 1238 1135 ease

237 1188 407 1287 dubium,
444 1189 530 1290 quin
567 1200 649 1260 ante
686 1211 764 1259 eam
798 1184 892 1259 diem
923 1201 1092 1260 venturus
1124 1200 1236 1261 essetz

235 1312 399 1416 idemque
422 1313 551 1413 Balbo,
568 1339 677 1415 quum
702 1338 779 1386 eam
803 1309 989 1412 epistolam
1014 1309 1169 1412 legisset,
1187 1313 1237 1385 vi·

237 1438 311 1515 deri
335 1441 457 1514 Lamia
490 1439 638 1513 dicebat
672 1440 756 1513 Dies
790 1438 953 1512 feriarum
981 1437 1067 1511 milri
1093 1438 1235 1512 additos

234 1564 341 1643 video
353 1568 381 1665 ⁶3
403 1563 467 1639 sed
484 1590 591 1668 quam
609 1562 757 1663 multos,
775 1563 847 1664 sac,
863 1566 894 1639 si
910 1590 967 1638 me
985 1589 1095 1663 amaa,
1111 1566 1234 1639 sciam:

234 1678 281 1766 'de
304 1692 436 1765 Baebio
461 1692 611 1793 poteris,
643 1704 681 1764 et
709 1689 754 1764 de
778 1688 888 1765 altero
914 1692 1032 1766 vicino
1047 1690 1233 1790 Egnatius.
1301 1708 1303 1712 ’

234 1818 343 1913 Quod
369 1843 424 1890 me
449 1816 615 1916 hortaris,
640 1830 681 1889 ut
706 1841 766 1890 eos
791 1811 866 1890 dies
883 1841 1086 1890 consumam
1105 1819 1141 1888 in
1159 1816 1234 1916 phi·

230 1943 393 2046 losophia
419 1940 640 2048 explicanda,
668 1956 864 2016 currentem
889 1956 928 2016 tu
954 1941 1146 2045 quideml:
1170 1941 1243 2024 sed

230 2094 313 2145 cum
338 2067 520 2145 Dolabella
544 2067 736 2142 vivendum
761 2093 836 2143 esse
860 2066 935 2143 istis
960 2066 1099 2169 diebus,
1124 2064 1254 2141 vides

229 2195 340 2288 Quod
365 2195 432 2269 nisi
456 2219 513 2268 me
529 2195 703 2297 Torquati
727 2219 832 2268 causa
857 2206 992 2269 teneret
1000 2210 1029 2294 a,
1048 2193 1132 2268 satis
1156 2148 1261 2267 erll‘l'

232 2320 385 2422 dierum,
421 2335 461 2396 ut
484 2296 659 2396 Puteolos
671 2336 700 2374 ¹⁰
727 2345 907 2394 excurrere
940 2345 1099 2421 possem,
1123 2332 1160 2394 et
1184 2317 1231 2394 ad

180 2429 183 2432 .
231 2462 370 2548 tempus
384 2461 412 2499 ¹¹
432 2447 553 2522 redire.
572 2449 693 2521 Lamia
711 2447 853 2550 quidem
878 2471 898 2520 a
922 2445 1034 2520 Bulbo
1059 2454 1118 2536 (ut
1134 2444 1229 2519 vide·

230 2571 359 2664 batur)
394 2576 597 2673 audiverat,
629 2574 758 2649 multos
791 2574 953 2649 nummos
983 2574 1080 2647 domi
1099 2589 1129 2624 ¹¹
1153 2599 1228 2646 esse

230 2714 446 2800 numeratos,
471 2727 558 2801 quos
585 2714 765 2801 oporteret
790 2700 1048 2802 quamprimum
1066 2697 1177 2773 dividi
1187 2700 1228 2772 ¹³:

229 2851 393 2925 magnum
419 2825 559 2924 pondus
586 2826 718 2925 argenti
739 2824 785 2925 ¹4,
819 2841 957 2926 praeter
981 2825 1140 2926 praedia,
1165 2850 1228 2899 au·

228 2952 382 3025 ctionem
420 2953 534 3051 primo
566 2977 706 3053 quoque
743 2965 902 3053 tempore
938 2952 1012 3026 fieri
1051 2964 1226 3054 oportere.

227 3077 366 3150 Scribas
393 3076 438 3150 ad
463 3104 518 3150 me
545 3078 664 3176 velim,
690 3078 775 3180 quid
792 3078 855 3152 tibi
872 3079 1019 3178 placeat
1035 3077 1225 3180 Equidem,

226 3204 254 3275 si
281 3230 324 3275 ex
350 3203 510 3276 omnibus
537 3220 628 3278 esset
653 3198 850 3304 eligendum
872 3208 911 3304 ¹⁵,
936 3231 1001 3277 nec
1027 3204 1226 3304 diligentio-

225 3355 321 3430 rem,
353 3356 417 3403 nec
450 3319 720 3432 officiosiorem,
751 3359 816 3406 nec
841 3331 952 3406 nostri
978 3329 1223 3405 studiosiorem

224 3454 323 3528 facile
351 3456 552 3555 delegissem
578 3457 743 3533 Vestorio
766 3462 812 3532 ¹⁶:
839 3459 885 3533 ad
910 3485 1015 3561 quem
1040 3458 1225 3531 accuratis·

177 3645 184 3663 ,
224 3582 328 3654 simus
353 3582 469 3655 literas
496 3583 595 3683 dedi,
616 3585 711 3686 quod
737 3586 830 3658 idem
856 3599 892 3657 te
917 3585 1037 3658 secisse
1063 3583 1221 3657 arbitror.

223 3705 311 3781 Mihi
337 3707 478 3810 quidem
503 3708 572 3783 hoc
598 3711 681 3784 satis
697 3727 725 3778 ¹⁷
754 3711 900 3785 videtur.
920 3710 977 3783 Tu
1003 3709 1088 3812 quid
1113 3707 1222 3782 dicisl

221 3832 341 3907 Vnum
366 3835 458 3908 enim
485 3837 631 3938 pungit,
656 3864 700 3911 ne
724 3836 991 3938 negligentiores
1010 3838 1040 3889 ¹⁸
1066 3862 1141 3911 esse
1169 3835 1220 3908 vi·

222 3957 372 4033 deamur.
398 3962 624 4064 Exspectabo
649 3963 754 4060 igitur
779 3977 856 4036 tuas
881 3964 1007 4037 literas.
