2648 4822
170 436 220 530 48
505 453 676 506 corseone
701 455 834 505 nxxrrr.
948 455 980 505 a
997 458 1031 506 v.
1047 461 1078 509 c.
1095 458 1145 523 με

255 686 308 736 Sor.
327 684 420 736 llonrec
438 684 469 735 A.
487 681 521 735 V.
539 682 568 736 C·
588 681 736 749 movim,
754 699 840 735 meuse
855 682 961 736 sonare
979 684 1082 737 leuuar.

346 874 390 939 M.
414 876 450 938 Τ.
475 871 619 937 clcssno
645 872 874 950 ΤΙὶΕΒΙᾹΝΟι
899 873 930 937 S.
953 873 992 937 D.

222 1092 236 1138 ι
266 1065 343 1163 Ego
369 1063 490 1164 quanli
523 1075 557 1134 oe
591 1058 714 1133 faciam
722 1117 734 1160 ,
765 1087 970 1163 semperque
1004 1062 1164 1165 fecerim,

168 1193 289 1292 quanti
315 1215 370 1261 mc
395 1213 415 1261 a
443 1203 477 1261 te
500 1188 577 1261 fieri
601 1186 846 1286 intellexerim,
874 1215 952 1261 sum
977 1188 1065 1261 milri
1088 1186 1166 1291 ipse

167 1319 273 1391 testis.
299 1317 391 1391 Nam
416 1329 453 1389 et
478 1314 662 1390 consilium
688 1328 805 1413 tuum,
836 1314 892 1388 vel
917 1341 1019 1390 casus
1043 1319 1162 1416 potius

59 1485 62 1488 >
166 1443 295 1517 diutius
319 1445 356 1515 iu
382 1444 486 1515 armis
511 1441 704 1515 civilibus²
729 1441 993 1539 commorandi,
1024 1468 1163 1544 semper

165 1568 253 1640 mihi
282 1593 411 1666 magno
444 1566 558 1640 dolori
590 1567 677 1665 suit,
708 1580 745 1638 ct
776 1565 835 1639 hic
868 1581 1037 1667 eventus,
1067 1568 1163 1671 quod

165 1693 321 1794 tardius,
345 1719 451 1796 quam
476 1708 530 1768 est
554 1720 721 1797 aequum,
745 1707 782 1765 el
806 1718 913 1793 quam
937 1718 1003 1792 ego
1027 1694 1162 1793 vellem,

163 1822 383 1926 recuperas³
406 1820 583 1896 fortunam
614 1834 650 1894 et
683 1818 888 1919 dignitatem
922 1834 1041 1920 tuam,
1077 1822 1160 1894 milri

163 1973 237 2024 nou
260 1949 388 2022 minori
413 1974 516 2022 curae
541 1961 612 2047 est,
628 1973 733 2050 quam
759 1946 824 2019 tibi
840 1972 979 2047 semper
994 1946 1159 2021 fuerunll

163 2100 264 2148 casus
288 2077 367 2148 mei.
391 2075 515 2176 Itaque
539 2087 576 2148 et
599 2072 870 2172 Postumuleno,
900 2087 937 2147 el
960 2073 1103 2174 Sextio,
1125 2087 1160 2165 el

162 2201 363 2300 saepissime
389 2202 509 2275 Attico
542 2213 683 2299 nostro,
718 2201 946 2299 proximeque
970 2199 1160 2296 Theudae,

161 2326 288 2401 liberto
314 2341 398 2427 tue,
424 2341 539 2400 lotum
563 2352 621 2399 me
647 2326 817 2425 patefeci,
849 2339 885 2397 et
914 2326 990 2398 iis⁵
1015 2324 1159 2425 sirrgulis

159 2479 263 2557 saepe
289 2454 377 2554 dixi,
402 2479 623 2556 quacumque
648 2477 686 2525 re
711 2476 866 2552 possem,
890 2477 948 2523 me
973 2450 1037 2525 tibi
1063 2450 1157 2525 etli-¹

157 2579 250 2653 beris
276 2580 344 2652 luis
377 2580 574 2653 satisfacere
614 2603 762 2677 cupere,
795 2578 901 2679 idque
934 2592 985 2677 tu,
1007 2576 1056 2651 ad
1080 2592 1156 2675 tuos

158 2705 264 2779 velim
289 2705 421 2779 scribas
430 2732 440 2800 3
464 2705 552 2778 haec
577 2703 719 2806 quidem
745 2718 855 2803 certe,
880 2704 1032 2807 quaein
1056 2716 1155 2805 pola-

158 2845 249 2903 slate
273 2856 350 2903 mea
376 2845 475 2930 suut,
491 2846 531 2903 ut
548 2857 709 2931 operam,
726 2830 927 2929 consilium,
943 2857 1034 2930 rem,
1050 2828 1155 2919 fidem

157 2982 272 3029 meam
307 2957 370 3029 sibi
406 2956 452 3029 ad
486 2983 608 3030 omnes
641 2984 696 3030 res
728 2971 850 3058 parata
874 2971 1010 3057 putent
1035 2957 1073 3029 Si
1096 2982 1154 3031 eu-

158 3085 320 3157 ctoritate
346 3097 382 3155 et
407 3084 515 3181 gratia
544 3098 681 3155 tantum
719 3109 882 3182 possem,
915 3096 1088 3184 quantum
1118 3082 1153 3155 in

157 3236 196 3282 ca
223 3236 259 3281 re
285 3208 447 3310 publica,
480 3209 523 3281 de
555 3237 622 3312 qua
648 3209 730 3282 ἰῑει6
756 3211 899 3282 meritus
924 3235 1019 3308 sum,
1050 3232 1152 3311 posse

157 3336 341 3410 deberem:
375 3351 414 3409 tu
449 3362 588 3438 quoque
615 3337 643 3409 is
669 3362 784 3434 esses,
816 3337 876 3437 qui
900 3336 1019 3434 suisli,
1046 3360 1152 3439 quum

153 3465 249 3537 omui
275 3464 383 3561 gradu
417 3462 631 3563 amplissimo
667 3463 914 3562 dignissimus,
945 3475 1021 3535 tum
1060 3474 1152 3537 seru
1185 3444 1192 3455 ¹

152 3589 283 3662 ordinis
301 3591 379 3662 mir
397 3590 497 3689 facile
517 3590 692 3691 princeps.
710 3589 795 3688 Sed,
812 3588 1008 3689 quoniam⁸
1026 3586 1150 3663 eod·

151 3728 332 3816 tempore,
366 3715 556 3816 eademque
591 3715 635 3787 de
670 3740 773 3788 causa
807 3727 968 3788 nostrum
1004 3722 1150 3816 uterque

153 3842 299 3913 cecidit:
324 3841 388 3913 tibi
414 3855 449 3913 et
474 3840 532 3913 illa
557 3839 742 3941 polliceor,
767 3867 856 3942 quae
882 3866 988 3941 supra
1013 3840 1151 3941 scripsi,

153 3991 242 4081 quae
267 3981 349 4042 sunt
373 3966 488 4042 adhuc
513 3993 608 4066 mea,
633 3984 669 4042 et
694 3995 755 4067 ea,
780 3994 868 4070 quae
894 3979 1076 4069 praeterea
1101 3966 1150 4043 vi·
