2648 4822
236 423 309 517 428
600 441 868 494 annonariam

233 565 267 608 ra
289 547 338 607 Sic
358 549 484 627 accipio:
508 544 678 627 Dolabella,
697 567 793 627 quum
813 543 974 606 Tulliolam
994 543 1171 628 dimiaimet,
1186 547 1241 610 Gi,

267 656 367 716 cerani
389 652 493 715 dotem
513 651 660 735 debebat;
680 674 747 714 eam
767 665 867 714 tamen
884 673 948 713 non
964 653 1166 734 numerabat,
1178 655 1240 719 fre·

268 774 315 823 tus
343 765 436 844 gratia
464 761 616 838 Caesaris,
646 764 731 822 culus
761 772 861 844 partes
886 765 917 822 in
946 761 1022 822 civili
1042 766 1238 826 contentione

267 881 385 931 secutus
415 880 486 930 erat
516 868 674 950 Cogitabat
701 872 791 951 igitur
817 870 922 930 Cicero
948 868 1005 930 bac
1031 869 1070 931 de
1093 892 1128 930 re
1149 870 1237 953 loqui

268 998 337 1038 cum
368 975 464 1037 Balbo
494 977 626 1037 Caesaris
657 979 841 1037 amicissimo.
872 978 948 1037 Nam
979 989 1009 1038 et
1040 998 1132 1061 supra
1158 979 1237 1062 (ep.

268 1086 446 1161 DXXVlll,
471 1083 523 1166 1):
549 1083 586 1145 de
606 1083 693 1167 dote,
716 1087 830 1166 inquit,
851 1098 931 1145 tanto
951 1086 1050 1164 mgis
1072 1107 1236 1169 perpwga.

234 1193 361 1253 -·Balbi
377 1191 459 1273 regia
478 1190 608 1251 conditio
626 1206 669 1252 est
688 1190 854 1271 delegandi.
875 1192 988 1251 Manat.

232 1300 268 1359 13
288 1299 346 1360 Hic
366 1298 502 1360 manebo.
523 1299 564 1360 Et
583 1299 674 1360 dictio
693 1312 792 1360 tarnem
811 1309 934 1360 venuste
952 1301 1050 1382 posita
1069 1314 1235 1382 procerem

266 1407 337 1488 quia
368 1404 546 1467 desiderium
578 1406 738 1466 rusticandi
772 1406 947 1466 declaratur.
974 1406 1017 1466 Vt
1040 1406 1099 1466 boc
1130 1405 1235 1467 dicat:

266 1513 370 1593 Quum
391 1515 521 1596 primum
540 1513 651 1574 Balbus
675 1514 810 1596 redierit,
835 1514 963 1575 Romam
992 1534 1042 1573 me
1063 1513 1233 1574 conferam:

231 1695 235 1702 η
264 1622 310 1682 sin
330 1620 378 1682 ille
397 1620 526 1700 tardius,
546 1640 620 1702 ego,
645 1621 728 1703 quod
756 1623 871 1704 optavi,
896 1631 996 1682 lamen
1017 1641 1175 1703 assequar,
1196 1633 1234 1682 ut

235 1763 240 1772 ·
262 1724 314 1788 bic
333 1726 467 1789 triduum
487 1730 576 1790 etiam
597 1750 717 1790 manere
738 1731 856 1812 possim.
877 1727 993 1790 Marma

229 1833 267 1913 14
285 1835 405 1897 Mecum
427 1847 481 1898 est

680 2051 773 2113 bxi.

230 2263 344 2351 ivae
364 2285 430 2349 epp.
451 2264 654 2346 nxxxvm,
675 2266 709 2346 ³3
735 2262 893 2342 nxxxv,
910 2261 933 2324 s
952 2272 982 2323 a
1001 2260 1180 2341 buxin,
1203 2261 1235 2324 a

226 2391 247 2433 2
266 2371 323 2456 Ep.
342 2373 504 2436 DXXXVl
525 2375 603 2433 circa
623 2370 673 2433 fin

225 2471 404 2565 3Expressi
430 2481 589 2572 edition-em
615 2481 744 2541 Graevii.
771 2477 944 2538 Omiserunt
970 2490 998 2537 et
1023 2476 1182 2538 Ernestius
1203 2487 1235 2538 et

265 2588 288 2649 l.
311 2590 347 2649 V.
369 2588 508 2649 Clericus.

226 2696 247 2772 4
267 2695 329 2772 Qui
350 2715 408 2754 cos.
428 2693 527 2755 fuerat
542 2695 576 2754 A.
592 2694 628 2755 V.
644 2693 677 2755 C.
698 2691 879 2753 DCLXXVl
901 2712 970 2752 curn
990 2690 1080 2750 Mam.
1101 2690 1233 2751 Aemilio

264 2802 396 2862 Liviana.
418 2801 534 2863 Schiztz.

223 2907 245 2967 5
264 2907 358 2987 ldest,
378 2931 397 2968 a
417 2908 576 2990 Marcell03
597 2920 631 2969 ut
651 2919 681 2969 et
701 2907 775 2966 infra
797 2927 815 2965 a
835 2906 1003 2987 Postumia,
1024 2925 1042 2964 a
1063 2890 1112 2965 M.
1125 2904 1234 2985 Cotta,

265 3016 381 3090 aSyro
402 3028 432 3075 et
452 3038 470 3075 a
490 3016 606 3092 Satyro.

223 3119 245 3185 6
264 3123 394 3205 Respicit
415 3123 487 3184 illud
508 3126 554 3184 De
575 3124 694 3184 Rutilia.

226 3251 243 3309 7
266 3230 327 3307 Qui
347 3244 432 3292 erant
452 3254 488 3292 cx
509 3234 596 3292 Attici
617 3236 706 3292 servis
728 3204 857 3290 lileratis.
879 3229 995 3289 Sclu'ltz

224 3335 245 3399 8
264 3338 393 3400 Pendere
413 3361 520 3401 usrcms
547 3360 606 3400 reon
628 3341 699 3420 pleis
722 3359 833 3399 atatam
860 3348 904 3396 cst
924 3335 1009 3396 linire
1031 3347 1148 3416 tempus
1170 3333 1233 3393 sol·

265 3444 378 3506 vendac
399 3467 507 3506 usurae
529 3448 603 3506 intra
625 3467 752 3526 annum,
773 3444 889 3507 reddita
910 3455 989 3503 sorte
1010 3443 1050 3520 (il
1073 3441 1232 3522 capitale).

264 3551 409 3612 Graevius
440 3553 608 3632 corrigebat
639 3575 697 3615 non
721 3555 792 3635 plus
816 3573 933 3623 ωυιυα,
960 3550 1069 3609 scilicet
1089 3549 1159 3628 die,
1185 3552 1233 3608 uti

264 3656 394 3719 hahetur
420 3682 465 3742 ep.
493 3659 618 3721 CXXIV
646 3664 731 3741 inis,
759 3659 843 3741 quod
866 3657 1009 3718 Schiilzio
1029 3656 1146 3738 probat.
1169 3656 1233 3716 Sed

265 3769 334 3845 quia
365 3768 473 3826 dicitur
503 3789 548 3848 ep.
576 3768 773 3845 CCLXXVI,
801 3769 839 3842 4.·
869 3767 941 3826 Plus
965 3786 1075 3825 mentm
1101 3762 1233 3824 obtinere

260 3875 459 3954 procamium,
493 3875 603 3936 idcirco
635 3877 788 3937 Emesaus
820 3879 969 3954 corrigere
1001 3894 1069 3933 cum
1098 3873 1233 3932 Graevio

265 3980 392 4041 nolebat.
415 3981 536 4057 bruno,
557 3984 681 4065 scilicet,
702 3984 812 4043 lrorlos.
