2648 4822
231 422 304 498 aaa
552 444 725 495 zamram
751 445 907 497 ccxcvii.
1013 446 1093 500 cv.
1111 451 1140 500 c.
1159 449 1209 515 ,οι

626 673 839 748 DCXLVII.
978 718 1031 776 (is
1048 719 1100 764 uu.
1121 720 1152 781 v,
1171 723 1216 778 ι.)

228 818 449 929 diffamatum.
464 849 638 932 Respondet
652 852 795 932 epistolae
810 852 941 923 Vatinii,
958 874 1036 934 quac
1051 875 1112 914 non
1127 868 1242 931 exstat,

267 955 420 1017 laudando
436 969 555 1037 gratum
571 957 911 1032 auiinu1113etstudium
926 981 1013 1018 suum
1027 964 1130 1033 uxori,
1145 984 1240 1043 quam

266 1064 543 1134 commendavemt,
557 1085 618 1123 non
630 1064 804 1123 defuturum
820 1065 989 1147 pollicetur.
1007 1067 1097 1127 Addit
1110 1068 1149 1128 dc
1163 1072 1239 1130 Dio·

265 1173 353 1251 nysio
383 1171 524 1250 fugitivo,
545 1181 575 1230 et
601 1170 640 1229 dc
667 1191 720 1252 spe
749 1170 896 1253 triumphi
925 1173 1086 1233 Dalmatici
1109 1174 1238 1239 Vatinio

264 1279 454 1342 decernendi.

272 1506 326 1561 Ser.
347 1506 442 1557 Romae
459 1503 490 1555 Δ.
511 1500 542 1552 V.
560 1500 589 1552 C.
608 1499 741 1553 nccvm
751 1537 759 1568 ,
777 1518 866 1554 meuse
884 1501 945 1555 Oct.
963 1509 1009 1556 sut
1027 1501 1179 1559 Novembri.

294 1721 338 1784 111.
355 1720 392 1783 T.
409 1715 554 1782 CICERO
573 1717 605 1780 P.
623 1715 790 1782 VATINIO
807 1716 1057 1784 IMPERATORI
1074 1713 1105 1783 S.
1122 1719 1162 1788 D.
1250 1705 1253 1710 ’

269 1936 380 2010 Grata
407 1933 472 2004 tibi
497 1957 574 2004 mca
600 1956 676 2004 esse
697 1930 812 2004 officia
830 1957 903 2005 non
921 1932 1038 2006 miror.
1065 1934 1233 2035 Cognovi

218 2063 313 2136 cuim
332 2075 366 2132 te
385 2059 618 2158 gratissimum
637 2058 809 2132 omnium:
834 2058 941 2159 idque
959 2084 1152 2160 numquam
1171 2062 1232 2136 dc·

217 2188 292 2264 atiti
318 2187 529 2288 praedicare.
556 2184 630 2258 Nec
656 2184 749 2256 enim
776 2198 815 2257 tu
840 2185 926 2257 mihi
943 2185 1099 2260 habuisti
1117 2189 1229 2264 modo

217 2314 365 2415 gratiam
389 2328 413 2411 ¹,
446 2338 567 2385 verum
605 2312 711 2384 ctiam
751 2310 1024 2385 cumulatissime
1068 2314 1230 2388 retulisti.

216 2438 491 2535 Quamobrem²
517 2435 658 2539 reliquis
692 2437 761 2509 tuis
793 2436 898 2510 rebus
930 2437 1116 2539 omnibus,
1150 2443 1230 2541 pam'

214 2592 272 2643 me
290 2566 408 2641 studio
427 2591 507 2662 erga
527 2577 576 2663 tc,
601 2578 637 2636 et
663 2563 787 2636 cadem
813 2562 996 2639 voluntate
1023 2591 1229 2666 cognosces.

213 2692 322 2786 Quod
348 2691 436 2766 mihi
461 2691 626 2763 feminam
643 2692 864 2791 primariam,
888 2693 1115 2793 Pompeiam,
1140 2721 1227 2768 uxo·

211 2843 287 2893 rcm
314 2833 428 2918 tuam,
454 2816 699 2890 commendas:
726 2844 807 2890 cum
832 2819 919 2892 Sura
954 2832 1076 2893 nostro
1102 2821 1224 2893 statim

211 2943 281 3017 tuis
305 2943 414 3016 literis
440 2942 539 3015 lectis
565 2942 703 3015 locutus
737 2970 832 3042 sum,
860 2958 901 3016 ut
926 2946 957 3016 ei
992 2945 1077 3017 meis
1103 2945 1224 3019 verbis

210 3068 358 3166 diceret,
385 3082 440 3168 ut,
466 3069 634 3170 quicquid
666 3095 755 3170 opus
789 3084 898 3168 essct,
923 3070 1009 3142 mihi
1036 3072 1222 3146 denuncia-

208 3197 371 3294 rct3‘me
398 3197 533 3295 omnia,
566 3222 655 3297 quae
688 3222 728 3269 ca
753 3195 860 3269 vellet
878 3197 904 3296 ³,
930 3222 1068 3269 summo
1101 3198 1222 3274 studio

207 3346 359 3423 curaque
385 3322 575 3395 sucturum:
601 3325 720 3423 itaque
737 3323 880 3423 faciam,
898 3350 1062 3425 eamque,
1080 3324 1110 3396 si
1127 3336 1221 3424 opus

206 3474 283 3533 essc
309 3448 501 3547 videbitur,
526 3451 602 3548 ipsc
630 3452 848 3523 conveniam.
875 3451 930 3522 Tu
958 3465 1077 3523 tamen
1104 3451 1136 3522 ei
1163 3477 1222 3524 vc·

203 3572 267 3647 lim
292 3575 441 3672 scribas,
467 3591 506 3648 ut
531 3575 664 3649 nullam
690 3603 782 3676 rem,
808 3591 1013 3679 aequatam
1032 3600 1222 3679 magnam,

203 3716 417 3804 aequatam
443 3728 590 3803 parvam
616 3717 739 3803 putet,
772 3730 862 3805 quae
888 3702 975 3775 mihi
1002 3717 1063 3774 aut
1089 3701 1219 3778 diffici-

202 3825 264 3928 lis,
289 3843 351 3904 aut
376 3855 502 3930 parum
534 3855 590 3902 me
623 3831 728 3930 digua
753 3830 923 3905 videatur.
951 3831 1097 3927 Omnia,
1124 3858 1219 3933 quac

201 3957 240 4031 in
258 3960 328 4032 tuis
345 3957 478 4063 rebusi
496 3986 613 4058 agam,
630 3973 666 4031 ct
686 3985 759 4034 nou
775 3958 951 4034 laboriosa
968 3956 1075 4054 mihi,
1090 3957 1213 4051 etho·
