2648 4822
155 428 221 500 162
408 437 580 488 arrsroas
604 435 736 508 unuin,
763 435 881 483 anxir.
926 432 958 479 n.
971 435 1007 481 v.
1025 434 1054 481 c.
1073 432 1120 496 ,aa

200 552 221 623 5
249 557 349 642 Κῦρος
376 547 407 638 δ,
433 546 507 639 2¹⁶,
532 539 616 612 mibi
642 540 691 610 sic
717 536 865 637 placuit,
881 549 920 607 ut
944 549 1061 610 cetera
1078 538 1144 609 An·

149 674 323 771 tisthenis,
347 671 498 745 hominis
525 668 617 741 acuti
643 667 768 763 magis,
794 689 900 768 quam
927 661 1066 734 eruditi.

556 918 718 994 DLXIV·
869 957 926 1014 (Ad
942 955 993 1001 Au.
1009 957 1063 1013 ΧΠ,
1078 955 1123 1016 39)

151 1107 362 1184 Argumentum
383 1102 520 1163 nemina
540 1101 639 1161 Attico
660 1097 775 1168 literas,
787 1097 845 1155 nisi
859 1093 934 1175 quid
949 1113 1067 1154 necesse
1088 1092 1146 1152 fue-

190 1214 229 1270 rit
250 1208 387 1269 scribere.

302 1417 355 1467 Sor.
375 1417 481 1466 Asturae
500 1416 529 1464 Δ.
548 1411 581 1462 V.
600 1413 628 1465 C.
647 1409 799 1476 tresviri,
817 1424 904 1460 meuse
921 1406 1002 1459 Maio.

464 1608 608 1674 ClCERO
632 1607 783 1673 ATTICO
808 1608 838 1670 S.

202 1799 417 1871 Tabellarius
444 1798 489 1868 ad
514 1823 570 1868 me
596 1823 703 1896 quum
729 1797 803 1867 sine
828 1795 937 1867 literis
954 1795 1024 1865 tuis
1042 1793 1150 1866 venis-

153 1942 228 2023 set,
262 1915 456 1997 existimavi
490 1925 553 1995 tibi
587 1950 664 1995 eam
698 1950 837 1995 causam
872 1947 944 1993 non
977 1919 1149 1993 scribendi

153 2052 273 2149 luisse,
307 2052 402 2148 quod
435 2051 548 2151 pridie
580 2053 775 2150 scripsisses
800 2050 959 2148 eaipsa,
992 2048 1150 2149 adquae

153 2178 314 2277 rescripsi
340 2177 405 2249 hac
431 2177 589 2277 epistola.
613 2179 865 2276 Exspectaram
886 2189 1004 2246 tamen
1021 2172 1153 2274 aliquid

154 2304 198 2375 de
223 2304 331 2377 literis
356 2306 466 2378 Asinii
491 2303 669 2377 Pollionis.
702 2303 772 2376 Sed
801 2303 977 2375 nimium¹
1006 2326 1049 2372 ex
1075 2324 1152 2372 meo

153 2432 227 2504 otio
254 2431 354 2503 tuum
382 2447 514 2532 specto.
543 2432 765 2530 Quamquam
792 2429 853 2500 tibi
879 2429 1020 2501 remitto
1037 2443 1062 2524 2,
1087 2428 1152 2499 nisi

154 2558 240 2657 quid
272 2583 415 2630 necesse
448 2560 534 2653 erit,
567 2582 707 2628 necesse
741 2581 785 2627 ne
819 2554 947 2626 babeas
981 2553 1152 2655 scribere,

155 2683 220 2754 uisi
248 2684 314 2755 eris
334 2682 437 2755 valde
454 2686 598 2754 otiosus.
615 2683 668 2755 De
686 2681 872 2754 tabellariis
890 2680 1040 2753 facerem
1057 2680 1154 2783 quod

154 2806 280 2878 suades
298 2809 324 2903 ³,
357 2809 386 2879 si
421 2822 536 2879 essent
569 2807 660 2879 ullae
693 2809 907 2881 necessariae
939 2808 1083 2906 literae,
1114 2819 1154 2879 ut

154 2945 254 3002 erant
279 2930 380 3030 olim,
401 2959 508 3032 quum
533 2933 751 3006 brevioribus
778 2934 916 3032 diebus,
934 2949 1052 3006 tamen
1070 2959 1154 3034 quo·

154 3055 240 3126 tidie
264 3057 527 3156 respondebant
552 3063 703 3160 tempori
729 3061 897 3136 tabellarii
909 3061 935 3159 l,
951 3075 988 3133 et
1005 3075 1080 3134 erat
1096 3060 1154 3132 ali-

155 3181 258 3281 quid,
291 3182 411 3281 Silius,
443 3187 595 3284 Drusus,
627 3187 692 3260 alia
726 3188 907 3289 quaedam.
939 3188 1061 3285 Nunc,
1087 3186 1155 3259 nisi

155 3307 252 3381 Otho
278 3311 482 3408 exstitisset,
507 3314 604 3413 quod
629 3314 874 3411 scriberemus,
899 3340 972 3386 non
998 3327 1081 3386 erat.
1112 3311 1155 3384 Id

154 3433 270 3530 ipsum
297 3435 442 3508 dilatum
470 3453 538 3510 est:
572 3453 689 3512 tamen
716 3440 866 3539 allevor,
896 3467 1003 3540 quum
1029 3440 1156 3541 loquor

156 3570 273 3630 tecum
299 3560 441 3662 absens,
466 3579 501 3637 et
527 3566 637 3638 multo
664 3570 768 3639 etiam
794 3570 917 3664 magis,
943 3594 1053 3667 quum
1079 3581 1155 3637 tuas

155 3682 273 3759 literas
297 3687 384 3787 lego.
411 3691 480 3762 Sed
506 3695 671 3797 qnoniam
697 3709 733 3766 et
758 3694 868 3766 abes⁵
895 3695 967 3781 (sic
993 3693 1087 3765 enim
1107 3719 1157 3765 ar·

155 3809 312 3914 bitror),
345 3831 381 3887 et
413 3819 586 3892 scribendi
620 3823 807 3895 necessitas
841 3820 934 3893 nulla
968 3833 1038 3919 cst,
1072 3845 1156 3894 con-

157 3943 336 4040 quiescent
360 3942 496 4042 litcrae,
524 3949 587 4020 nisi
615 3949 699 4050 quid
725 3951 809 4022 novi
836 3948 1014 4020 exstiterit.
