2648 4822
172 414 218 488 30
509 433 679 482 rrrsroua
705 434 813 483 uxxrr.
943 436 974 482 a.
994 439 1024 482 v.
1043 439 1070 484 c.
1090 436 1138 500 με

168 556 225 639 te,
249 543 306 640 qui
334 539 416 609 mihi
444 538 563 609 haeres
589 538 624 607 iu
652 535 828 632 medullis3
853 537 932 634 sed,
958 530 1158 611 si'iusulam

165 670 380 743 Brituruiam
417 691 566 763 coepero
603 665 777 760 cogitare,
814 665 886 734 cius
926 666 1044 734 εἴδωλον
1076 667 1162 738 mihi

165 794 307 867 advolet
343 792 389 863 ad
427 806 558 891 pcctus.
597 791 668 861 Sed
705 789 792 861 haec
830 792 1011 888 posterius.
1045 793 1160 865 Teate

164 921 256 992 euim
282 931 336 1016 te,
362 942 432 1018 quo
458 919 574 989 auimo
601 917 763 1015 accipias.
784 916 820 986 si
845 917 939 987 euim
964 918 1160 991 stomacha-

163 1045 259 1142 bere,
285 1058 321 1116 et
346 1043 488 1115 moleste
515 1043 619 1139 feres,
645 1041 746 1141 plura
774 1042 947 1140 dicemus3
974 1043 1162 1142 postulabi-

164 1197 323 1271 musque‚
340 1197 382 1242 ex
400 1197 467 1272 qua
486 1170 620 1241 haeresi
634 1185 675 1266 ¹¹,
693 1170 738 1267 vi,
755 1168 953 1240 homiuibus
972 1173 1112 1242 armatis
1123 1185 1161 1269 ¹²,

165 1296 318 1369 deiectus
343 1299 406 1396 sis,
431 1298 468 1366 in
493 1322 570 1367 eam
595 1296 786 1367 restituere.
812 1297 855 1367 Iu
880 1295 949 1367 hoc
973 1296 1159 1368 interdicto

163 1449 235 1495 nun
261 1422 351 1495 solet
383 1423 483 1520 addi,
520 1426 558 1491 in
595 1420 664 1494 lroc
696 1447 793 1493 anno
814 1424 853 1492 ¹³.
887 1423 1005 1512 Quare
1038 1423 1067 1493 si
1092 1423 1159 1494 iam

161 1548 341 1620 biennium
367 1561 426 1619 aut
452 1548 639 1618 triennium
676 1561 745 1644 est,
783 1573 891 1648 quum
925 1548 1045 1620 virtuti
1071 1573 1158 1620 uuu-

161 1675 248 1752 tium
273 1674 449 1772 remisisti,
476 1673 638 1744 delinitus
663 1671 833 1745 illecebris
855 1673 1045 1772 voluptatis
1061 1671 1104 1745 ¹4:
1122 1675 1157 1745 iu

158 1800 294 1897 integro
320 1827 374 1872 res
399 1799 501 1873 uobis
523 1801 596 1871 erit.
615 1801 837 1900 Quamquam
855 1800 996 1900 quicum
1013 1797 1155 1900 loquori

158 1953 237 1999 cum
263 1952 333 1998 uuo
359 1926 546 2000 fortissimo
572 1926 665 1998 viro:
692 1927 768 2026 qui,
786 1939 1018 2026 posteaquam
1043 1925 1155 1998 forum

157 2053 300 2148 attigisti
319 2054 358 2149 ¹⁵,
382 2051 470 2124 nihil
494 2051 628 2149 fecisti,
656 2052 723 2124 nisi
748 2050 987 2150 plenissimum
1015 2049 1154 2151 amplis·

156 2177 263 2250 simae
288 2176 475 2274 diguitatis.
500 2179 542 2249 Iu
566 2178 632 2249 ista
658 2179 735 2276 ipsa
760 2185 872 2272 αἱρέσει
903 2191 1024 2249 metuo
1045 2180 1086 2275 ¹⁶,
1110 2202 1153 2248 ue

155 2301 234 2404 plus
253 2329 446 2377 nervorum
471 2305 531 2402 sit,
564 2328 668 2404 quam
694 2329 758 2401 ego
784 2302 956 2403 putarim,
986 2303 1015 2374 si
1044 2301 1151 2376 modo

154 2453 230 2501 eam
257 2442 295 2501 tu
320 2430 461 2529 probas.
488 2430 585 2521 Quid
610 2428 674 2501 tibi
704 2430 742 2499 iu
774 2443 926 2500 ruentem
953 2426 1075 2500 veuit?
1099 2426 1152 2500 iu'·

154 2555 252 2657 quies
268 2572 306 2625 ¹7.
322 2599 372 2611 -
390 2558 479 2646 Quia
506 2556 594 2627 nihil
619 2554 794 2626 habebam
820 2553 929 2652 aliud,
949 2554 1044 2653 quud
1069 2555 1151 2626 scri-

151 2679 280 2753 berem.
298 2682 351 2751 De
369 2707 405 2753 re
429 2679 569 2779 publica
593 2682 688 2752 euim
713 2679 802 2752 nibil
819 2681 968 2753 scribere
987 2706 1149 2779 possum:

152 2831 264 2908 neque
290 2806 399 2902 euim,
425 2803 522 2907 quod
545 2807 682 2905 sentio²
707 2805 792 2881 libet
818 2806 975 2881 scribere.

554 3183 723 3256 Dxxltl.
864 3225 920 3281 (aa
937 3225 988 3268 usu.
1006 3226 1061 3282 κν,
1079 3227 1124 3284 ις)

149 3358 364 3436 Argurucutam.
379 3358 550 3441 Respondet
564 3359 682 3422 duabus
697 3362 849 3423 Ciceronis
869 3359 1000 3442 epistolis
1013 3360 1144 3421 mvltt

188 3475 216 3522 ct
238 3466 331 3524 DXX.
