2648 4822
251 424 329 520 3152
623 441 895 502 assertricem

256 546 275 623 3
297 549 416 628 Misisti,
435 566 511 628 quas
530 545 572 608 ad
591 555 621 606 te
640 547 804 629 scripserat.
828 543 952 610 Conad

255 657 319 735 41.
341 677 366 717 e.
388 653 526 716 conficias
545 656 701 736 negotium
718 653 757 717 dc
776 653 884 732 hortis,
904 651 951 714 vel
971 654 1114 733 transigas
1135 651 1175 712 de
1189 651 1263 714 horu

295 767 348 845 tis,
369 774 404 823 ut
423 784 470 844 ep.
491 763 592 845 Dcx3
618 773 648 822 at
678 784 724 844 ep.
752 761 936 827 cxxxvtu
961 781 979 821 a
1005 759 1085 820 med.
1113 759 1263 824 mandata

296 871 449 951 conficiar.

257 979 277 1041 5
298 978 434 1040 Subaudi
455 979 565 1060 hortis3
586 1000 632 1062 ep.
654 1000 713 1061 seq.
732 979 762 1055 4,

257 1085 280 1148 6
298 1086 397 1148 Vrbis.
422 1083 484 1146 Vbi
502 1089 560 1165 sis,
581 1086 732 1168 explanari
751 1096 866 1168 potest:
888 1087 940 1145 ubi
959 1085 1028 1162 rim,
1050 1086 1134 1166 quati
1154 1082 1196 1142 ad
1211 1085 1262 1144 tt-

299 1197 392 1257 ticum
411 1195 536 1273 referat,
555 1194 639 1276 quod
659 1193 697 1255 de
717 1215 749 1255 se
770 1196 834 1276 ipso
853 1193 932 1255 dicit.

258 1323 277 1384 7
298 1304 342 1364 Ne
362 1314 460 1364 totum
480 1303 560 1365 diem
580 1322 691 1385 ponam
711 1302 751 1362 ab
770 1301 846 1364 urbe
872 1299 1060 1384 pmficiaceus
1085 1303 1115 1362 in
1141 1298 1261 1380 sillam,

256 1486 258 1491 Ι
299 1410 437 1494 explanat
455 1411 629 1493 Manutius,
655 1411 816 1490 laudatque
846 1409 921 1469 illud
940 1429 995 1490 ep.¹
1008 1407 1199 1485 cnxxvn,
1219 1426 1259 1466 a:

299 1519 413 1580 Itinera
431 1521 509 1579 enim
526 1519 567 1580 ita
578 1517 671 1599 facit,
685 1533 717 1578 ut
734 1518 842 1578 multos
861 1515 926 1578 dies
947 1517 978 1576 in
996 1513 1142 1597 oppidum
1158 1527 1260 1595 ponat

260 1626 281 1693 8
302 1627 383 1704 Quia
402 1629 461 1687 iam
482 1607 751 1689 Cicerouidtticus
771 1625 978 1701 mandaverat,
992 1645 1031 1683 ne
1043 1622 1147 1683 hortos
1159 1622 1261 1701 Drusi,

301 1745 404 1815 utpote
424 1736 510 1793 nimis
531 1754 634 1810 caros,
655 1745 788 1816 emeret3
810 1755 855 1814 ep.
877 1755 937 1814 seq.
957 1733 979 1807 d
999 1743 1029 1792 et
1047 1730 1186 1791 DXLIX.
1212 1728 1261 1789 Sic

300 1840 480 1922 Mongaltius
500 1841 645 1922 explanat

260 1949 350 2031 psic
380 1951 491 2030 optimc
522 1952 650 2009 correxit
677 1950 822 2009 Graevius
847 1948 1001 2029 vulgatum
1030 1948 1059 2006 si
1082 1964 1151 2027 ergo
1175 1944 1263 2006 alind

300 2057 370 2129 en't,
390 2078 452 2116 uon
471 2077 540 2116 mea
558 2058 613 2116 en't
632 2057 739 2138 culpa,
760 2056 820 2116 uisi
838 2077 943 2119 entem.
975 2057 1051 2116 Nam
1078 2059 1175 2137 prima
1193 2073 1261 2137 pars

301 2163 427 2225 membri
448 2175 493 2226 est
512 2168 654 2225 resumtio
675 2167 835 2247 superioris
854 2164 890 2224 Si
908 2164 985 2226 m’lril
1002 2164 1064 2224 erit
1093 2164 1198 2243 tuque
1215 2164 1262 2222 in-

300 2275 421 2333 teriecta
441 2272 533 2334 verba
552 2272 719 2354 parenthesi
740 2272 844 2333 iuclttsi
871 2273 1085 2354 perspicuitatis
1105 2272 1209 2351 gratia.
1230 2269 1262 2330 Si

299 2380 372 2440 nihil
392 2381 474 2441 aliud
497 2381 568 2443 fauo
592 2381 732 2463 ponendo
764 2382 894 2443 iuvenire
920 2400 1097 2463 possumus,
1123 2377 1262 2462 explanat

300 2489 380 2549 idem
401 2491 566 2572 Graevius,
596 2510 686 2569 quam
713 2489 816 2549 hortos
836 2491 1018 2570 Damianos,
1049 2489 1073 2547 si
1096 2495 1148 2548 ees
1168 2506 1264 2548 cessa·

300 2600 381 2657 tione
401 2619 468 2657 mea
489 2601 637 2679 patiamur
657 2597 742 2656 nobis
763 2596 853 2677 elabi,
867 2608 901 2657 ut
915 2596 989 2658 alius
1010 2616 1060 2657 eos
1082 2607 1175 2675 emat,
1195 2615 1261 2655 mea

301 2709 358 2765 erit
378 2704 473 2786 culpa.
852 2777 856 2786 Ι

265 2833 300 2871 ιο
321 2811 454 2893 supple,
475 2812 635 2893 cupiditate
656 2812 782 2874 emendi.
809 2813 865 2896 Ep.
891 2814 1037 2875 DXLIX:
1060 2812 1118 2891 Tu
1137 2811 1264 2873 concede

299 2920 473 2991 milri—ut
492 2941 526 2980 eo
547 2922 649 2980 animo
671 2922 738 2993 sint,
752 2944 812 3002 quo
827 2923 853 2980 is
874 2921 981 2982 debeat
998 2943 1076 3002 erse,
1096 2921 1150 3003 qui
1169 2941 1265 2981 emere

299 3027 416 3107 cupiat,
438 3038 491 3086 etc.
513 3049 604 3109 quem
625 3026 724 3087 locum
745 3027 848 3091 laudat
867 3030 1029 3088 Manutius.

265 3153 295 3191 ιι
322 3134 492 3193 Terentiam
513 3138 573 3194 iam
594 3135 761 3196 dimiserat:
794 3140 947 3218 quippiam
976 3136 1099 3196 fortasse
1123 3153 1204 3195 nunc
1224 3138 1265 3195 si·

301 3238 420 3320 gnificat
441 3241 478 3300 de
500 3242 570 3303 dote
590 3243 751 3305 reddenda.
773 3244 890 3306 Mamur.

265 3366 298 3409 12
319 3347 454 3431 Pompeii
476 3351 576 3432 Magni
597 3350 714 3411 liberos.
736 3353 845 3412 Sextus
864 3353 1039 3434 Ροιιιμὶιιε,
1052 3352 1155 3411 audita
1168 3351 1267 3411 fratris

300 3476 333 3515 re
355 3456 506 3517 infeliciter
527 3458 608 3539 apud
628 3458 773 3519 Mundam
795 3470 896 3539 gesta,
918 3471 947 3519 et
969 3460 1101 3519 Caesaris
1118 3457 1264 3539 adventu,

301 3561 464 3642 Corduba,
494 3587 586 3645 quam
617 3587 685 3625 cum
717 3567 863 3650 praesidio
883 3566 1023 3645 tenebat,
1048 3566 1189 3649 profugit.
1211 3565 1265 3624 Cn.

301 3683 421 3749 autem,
452 3682 484 3732 ut
510 3677 539 3732 in
559 3674 730 3754 speluncam
750 3698 782 3735 se
803 3675 952 3736 occultare
972 3677 1089 3756 coepit,
1117 3696 1135 3732 a
1156 3673 1266 3734 Caesa-

300 3783 389 3839 rianis
408 3780 549 3841 militibus
570 3781 771 3863 deprehensus
797 3781 993 3860 interficitur,
1024 3786 1148 3861 eiusque
1175 3793 1266 3863 caput

301 3887 444 3970 Hispalim
466 3889 541 3972 prid
563 3889 606 3950 ld.
629 3890 772 3973 affertur,
797 3903 827 3952 et
847 3890 960 3973 populo
982 3891 1121 3952 daturin
1143 3909 1268 3971 conspe-

301 4007 390 4065 ctum.
414 3997 489 4060 Hirt
509 3998 543 4061 B.
567 3997 649 4081 Hisp.
672 3998 724 4081 39..
