2648 4822
214 439 218 444 .
250 376 325 473 466
611 396 880 447 asrorarmuaa

287 502 345 584 Ep.
366 497 589 560 CDLXXXVl:
608 499 683 559 Tale
702 499 779 560 enim
795 512 874 559 mum
890 497 1156 564 Mutuus—non
1165 519 1266 587 potest

288 608 364 668 milri
383 629 441 667 non
461 627 573 666 summe
592 628 656 667 esse
682 606 849 670 incanum.
883 606 974 689 Quod
1001 630 1097 692 quum
1127 613 1172 674 ita
1205 615 1262 697 sit,

287 735 352 776 esse
369 706 486 795 gratum
506 736 621 776 necesse
641 728 690 775 ert
711 714 760 775 Ex
781 736 817 776 eo
837 715 975 796 colligere
996 716 1081 796 licat,
1103 740 1198 781 omne
1219 724 1261 782 iu·

289 823 422 883 cundum
438 829 504 882 esse
524 825 615 884 etiem
636 833 770 904 gratum,
789 821 841 882 sed
857 842 919 882 non
932 834 1045 884 contra.
1061 824 1179 887 Confer
1192 848 1258 910 epp.

288 931 429 990 LXXXII
451 940 545 1006 extu,
566 930 693 989 DLXlX
712 933 774 990 init.
797 941 827 990 et
846 929 1126 992 DCCLXXXVlll.
1172 934 1175 939 ’

247 1036 268 1098 6
288 1039 327 1116 Q.
348 1036 460 1096 Fabius
487 1038 566 1097 Max.
587 1037 795 1120 Verrucosus,
820 1037 967 1116 Ovicula,
987 1037 1156 1102 Cunctator
1178 1041 1256 1121 (Off.

265 1145 301 1207 l
314 1145 402 1225 μιῇ,
422 1145 523 1226 ibique
542 1146 610 1206 Car
630 1146 786 1223 Rostrum,
805 1156 836 1206 et
861 1165 908 1228 ep
927 1146 1022 1227 XLV,
1047 1149 1093 1230 ι),
1116 1149 1147 1210 V
1168 1149 1256 1214 Conu

288 1264 330 1315 et.
337 1254 491 1334 Dictator,
513 1253 565 1334 qui
584 1250 647 1312 filio
664 1264 789 1314 mortuo
808 1253 1036 1314 laudationem
1028 1276 1058 1315 ιιι
1078 1254 1148 1316 foro
1169 1256 1255 1341 dixit,

253 1372 319 1422 :et
339 1368 441 1444 postea
462 1363 616 1444 scriptam
613 1361 723 1429 edidit
737 1360 821 1422 Adeo
842 1340 911 1421 lorti
932 1364 1030 1423 animo
1051 1361 1103 1423 filii
1126 1376 1254 1426 mortem

288 1467 364 1530 tulit
389 1466 513 1529 Corrad

248 1595 265 1657 7
280 1575 314 1636 L.
329 1576 470 1637 Aemilius
483 1575 605 1636 Paullus
615 1575 838 1654 Macedonicus,
853 1575 893 1635 ob
906 1575 1115 1637 Macedoniam
1130 1579 1210 1642 XV.
1221 1581 1252 1640 C.

286 1683 460 1744 DLXXXV
481 1685 510 1742 in
535 1682 715 1744 deditionem
741 1683 845 1766 populi
866 1684 920 1743 llo.
943 1695 1111 1766 acceptam,
1134 1686 1173 1746 de
1194 1709 1253 1769 qua

288 1811 365 1850 anno
386 1792 541 1873 posteriori
556 1772 650 1850 etiam
672 1791 873 1873 triumphavit
888 1792 957 1851 Duo
978 1812 1035 1874 pro
1055 1791 1150 1876 drws,
1170 1795 1253 1875 quod

255 1936 259 1955 .-
287 1896 400 1957 ltabent
418 1895 552 1957 nonnulli
573 1896 661 1956 codd
680 1918 749 1956 cun
764 1897 832 1958 edd.
847 1901 937 1980 prior.
952 1909 982 1958 et
995 1897 1117 1977 Lamo,
1131 1900 1201 1961 vide
1216 1900 1254 1961 ad

286 2022 334 2087 ep.
355 2005 424 2083 Lll,
438 2023 467 2086 2,
480 2013 542 2064 not.
562 2024 606 2063 ro.
622 2003 742 2086 *rupem
761 2004 879 2076 diebosr
894 2004 1021 2065 alterum
1041 2005 1167 2087 quidem
1180 2007 1253 2069 xlv

260 2166 263 2171 .
282 2132 380 2172 annos
398 2121 503 2171 natum
520 2109 630 2172 diebus
648 2115 782 2193 quinque
801 2123 872 2188 onte
891 2111 1099 2203 triumphum3
1123 2113 1252 2174 alterum

285 2220 342 2278 Xll
364 2238 531 2301 annorum,
551 2218 653 2279 triduo
660 2230 741 2301 post
759 2222 865 2336 amisit
887 2219 995 2280 Plut
987 2239 1018 2279 m
1039 2221 1073 2279 L
1094 2219 1130 2279 Ρ.
1152 2223 1253 2283 Aemi-

287 2325 392 2409 lio,p.
414 2327 489 2410 274,
510 2326 626 2408 aliique.

246 2429 334 2497 821
354 2442 451 2495 vestra
472 2445 560 2515 gente
581 2433 718 2517 Sulpicio
740 2433 772 2493 C.
795 2432 941 2516 Sulpicius
962 2432 1082 2511 Gallus,
1109 2438 1173 2516 qui
1184 2457 1253 2497 cum

285 2541 326 2599 M.
349 2540 475 2600 Claudio
495 2541 636 2601 Marcello
664 2562 721 2601 cos.
748 2541 812 2600 fuit
844 2540 968 2601 Corrad
1000 2541 1128 2622 Ligures
1149 2545 1252 2605 consul

287 2647 394 2716 devicit
414 2651 448 2708 A.
463 2649 499 2707 V.
516 2648 548 2705 C.
570 2649 780 2708 DLXXXVll.
803 2650 847 2708 M.
869 2648 953 2720 Cato,
975 2652 1115 2708 nimirum
1140 2652 1254 2711 Censo-

284 2759 361 2836 rius,
383 2758 442 2816 sive
463 2758 574 2836 maior,
596 2755 699 2815 consul
715 2758 753 2814 A.
775 2755 812 2815 V.
833 2756 866 2816 C.
888 2757 1027 2835 DLvlu,
1049 2756 1170 2818 Catonis
1190 2761 1254 2821 Vti-

254 2908 257 2913 -
280 2864 378 2924 ‘censis
397 2881 535 2943 proavus.

244 2991 265 3052 9
285 2968 385 3048 Vulgo
407 2989 441 3028 ex
460 2967 584 3028 Victorii
614 2972 784 3030 coniectura
803 2985 836 3031 ut
853 2992 956 3032 eorum
987 2973 1098 3031 lucrum
1118 2977 1253 3056 ipsorum

282 3077 412 3156 dignitas
430 3078 634 3138 consolamur
650 3098 697 3139 ea.
729 3079 813 3138 Libri
834 3095 866 3140 ut
885 3101 985 3140 comm
1005 3080 1075 3161 (vel
1096 3087 1170 3161 eos)
1191 3097 1252 3143 ιιιιιι

282 3185 416 3266 ι’ριοηιιη
436 3183 565 3264 depellas
596 3187 877 3252 consolareturea.
904 3189 963 3248 Nos
991 3203 1050 3247 tum
1072 3190 1253 3251 inseruimus

252 3334 256 3341 -
282 3302 353 3351 eote
371 3313 409 3353 ea
430 3295 522 3353 secuti
544 3297 758 3356 correctionem
778 3295 915 3357 Andreae
936 3295 974 3355 de
994 3296 1169 3357 Franciscis.

249 3417 284 3460 ιο
298 3398 410 3461 lamb.
432 3401 547 3462 licebat.
903 3406 904 3410 ’

248 3526 279 3566 ιι
303 3506 411 3567 Ambb.
433 3528 536 3569 omnes
550 3520 580 3572 et
594 3509 640 3568 alii
655 3509 740 3569 multi
761 3511 965 3580 consenuisser
986 3508 1069 3591 quod
1090 3511 1179 3572 multi
1203 3533 1252 3573 re·

283 3625 433 3694 ceperunt.
454 3616 521 3675 Non
541 3637 636 3698 oeque
656 3615 741 3677 bene.
756 3664 759 3670 .
773 3618 848 3676 Nam
878 3617 1078 3676 commentaire·
1094 3630 1200 3680 manet
1220 3623 1252 3680 in

282 3719 657 3792 translatione‘vulnemm
684 3723 862 3804 quod-facit
885 3724 974 3783 etiam
1000 3723 1127 3784 'verbum
1149 3748 1252 3788 mem·

281 3827 416 3909 dement,
435 3840 470 3890 ut
489 3833 548 3889 inm
569 3829 718 3890 Victorius
737 3829 820 3891 vidit.
839 3831 951 3891 Fateor
973 3843 1087 3911 temen,
1100 3853 1180 3893 unos
1193 3837 1252 3896 Co·

264 3933 431 4001 tumetum
461 3948 495 3998 et·
511 3935 629 3998 Celsum
660 3937 728 3998 hoc⁴
745 3936 893 4000 vocabulo
921 3959 990 3999 usos
1016 3942 1141 4003 inveniri
1163 3944 1248 4028 epod
