<?xml version="1.0" encoding="UTF-8"?>
<!DOCTYPE html PUBLIC "-//W3C//DTD XHTML 1.0 Transitional//EN"
    "http://www.w3.org/TR/xhtml1/DTD/xhtml1-transitional.dtd">
<html xmlns="http://www.w3.org/1999/xhtml" xml:lang="en" lang="en">
 <head>
  <title>
</title>
<meta http-equiv="Content-Type" content="text/html;charset=utf-8" />
  <meta name='ocr-system' content='tesseract 3.04.00' />
  <meta name='ocr-capabilities' content='ocr_page ocr_carea ocr_par ocr_line ocrx_word'/>
</head>
<body>
  <div class='ocr_page' id='page_1' title='image "./mtulliiciceroni11cicegoog/mtulliiciceroni11cicegoog_0424.png"; bbox 0 0 2648 4822; ppageno 0'>
   <div class='ocr_carea' id='block_1_1' title="bbox 107 377 1165 2947">
    <p class='ocr_par' dir='ltr' id='par_1_1' title="bbox 149 377 1165 992">
     <span class='ocr_line' id='line_1_1' title="bbox 481 377 1106 470; baseline 0.006 -21"><span class='ocrx_word' id='word_1_1' title='bbox 481 403 517 450; x_wconf 76' lang='lat' dir='ltr'><strong>ur</strong></span> <span class='ocrx_word' id='word_1_2' title='bbox 544 399 733 470; x_wconf 70' lang='lat' dir='ltr'><strong>errorores</strong></span> <span class='ocrx_word' id='word_1_3' title='bbox 1032 377 1106 470; x_wconf 69' lang='lat'><strong>415</strong></span> 
     </span>
     <span class='ocr_line' id='line_1_2' title="bbox 149 498 1165 586; baseline -0.003 -22"><span class='ocrx_word' id='word_1_4' title='bbox 149 525 196 586; x_wconf 86' lang='lat' dir='ltr'><strong>ep.</strong></span> <span class='ocrx_word' id='word_1_5' title='bbox 218 502 442 586; x_wconf 83' lang='lat' dir='ltr'><strong>cnxxxv111;</strong></span> <span class='ocrx_word' id='word_1_6' title='bbox 467 507 489 563; x_wconf 84' lang='lat' dir='ltr'><strong>si</strong></span> <span class='ocrx_word' id='word_1_7' title='bbox 510 525 570 565; x_wconf 89' lang='lat' dir='ltr'><strong>non</strong></span> <span class='ocrx_word' id='word_1_8' title='bbox 589 515 672 586; x_wconf 88' lang='lat' dir='ltr'><strong>post,</strong></span> <span class='ocrx_word' id='word_1_9' title='bbox 691 500 796 562; x_wconf 81' lang='lat' dir='ltr'><strong>saltem</strong></span> <span class='ocrx_word' id='word_1_10' title='bbox 817 520 912 581; x_wconf 85' lang='lat' dir='ltr'><strong>usque</strong></span> <span class='ocrx_word' id='word_1_11' title='bbox 930 499 971 560; x_wconf 81' lang='lat' dir='ltr'><strong>sd</strong></span> <span class='ocrx_word' id='word_1_12' title='bbox 991 499 1022 563; x_wconf 93' lang='lat' dir='ltr'><strong>id</strong></span> <span class='ocrx_word' id='word_1_13' title='bbox 1030 501 1108 577; x_wconf 85' lang='lat' dir='ltr'><strong>··bel·</strong></span> <span class='ocrx_word' id='word_1_14' title='bbox 1164 498 1165 501; x_wconf 65' lang='grc'>’</span> 
     </span>
     <span class='ocr_line' id='line_1_3' title="bbox 149 607 1108 691; baseline 0.002 -21"><span class='ocrx_word' id='word_1_15' title='bbox 149 611 221 670; x_wconf 89' lang='lat' dir='ltr'><strong>lum.</strong></span> <span class='ocrx_word' id='word_1_16' title='bbox 243 614 280 671; x_wconf 85' lang='lat' dir='ltr'><strong>At</strong></span> <span class='ocrx_word' id='word_1_17' title='bbox 299 609 436 671; x_wconf 76' lang='lat' dir='ltr'><strong>laudatus</strong></span> <span class='ocrx_word' id='word_1_18' title='bbox 456 611 574 687; x_wconf 86' lang='lat' dir='ltr'><strong>Peyron</strong></span> <span class='ocrx_word' id='word_1_19' title='bbox 594 613 691 671; x_wconf 82' lang='lat' dir='ltr'><strong>stetim</strong></span> <span class='ocrx_word' id='word_1_20' title='bbox 711 619 779 691; x_wconf 92' lang='lat' dir='ltr'><strong>post</strong></span> <span class='ocrx_word' id='word_1_21' title='bbox 803 627 938 690; x_wconf 76' lang='lat' dir='ltr'><strong>pugnum</strong></span> <span class='ocrx_word' id='word_1_22' title='bbox 962 607 1108 672; x_wconf 74' lang='lat' dir='ltr'><strong>Pharsatt</strong></span> 
     </span>
     <span class='ocr_line' id='line_1_4' title="bbox 150 715 1108 800; baseline 0.003 -24"><span class='ocrx_word' id='word_1_23' title='bbox 150 739 216 777; x_wconf 84' lang='lat' dir='ltr'><strong>cam</strong></span> <span class='ocrx_word' id='word_1_24' title='bbox 237 717 335 779; x_wconf 82' lang='lat' dir='ltr'><strong>dutum</strong></span> <span class='ocrx_word' id='word_1_25' title='bbox 357 718 434 778; x_wconf 81' lang='lat' dir='ltr'><strong>hanc</strong></span> <span class='ocrx_word' id='word_1_26' title='bbox 460 717 613 800; x_wconf 81' lang='lat' dir='ltr'><strong>epistolam</strong></span> <span class='ocrx_word' id='word_1_27' title='bbox 639 715 723 778; x_wconf 86' lang='lat' dir='ltr'><strong>dicit:</strong></span> <span class='ocrx_word' id='word_1_28' title='bbox 750 718 799 777; x_wconf 89' lang='lat' dir='ltr'><strong>cui</strong></span> <span class='ocrx_word' id='word_1_29' title='bbox 825 727 925 777; x_wconf 80' lang='lat' dir='ltr'><strong>temen</strong></span> <span class='ocrx_word' id='word_1_30' title='bbox 948 719 1108 779; x_wconf 74' lang='lat' dir='ltr'><strong>sententiae</strong></span> 
     </span>
     <span class='ocr_line' id='line_1_5' title="bbox 150 823 1108 907; baseline 0.003 -24"><span class='ocrx_word' id='word_1_31' title='bbox 150 826 336 905; x_wconf 77' lang='lat' dir='ltr'><strong>refragantur</strong></span> <span class='ocrx_word' id='word_1_32' title='bbox 355 829 419 907; x_wconf 84' lang='lat' dir='ltr'><strong>ipsa</strong></span> <span class='ocrx_word' id='word_1_33' title='bbox 446 825 537 885; x_wconf 86' lang='lat' dir='ltr'><strong>verbe</strong></span> <span class='ocrx_word' id='word_1_34' title='bbox 562 824 672 886; x_wconf 73' lang='lat' dir='ltr'><strong>diritius</strong></span> <span class='ocrx_word' id='word_1_35' title='bbox 700 827 731 885; x_wconf 81' lang='lat' dir='ltr'><strong>in</strong></span> <span class='ocrx_word' id='word_1_36' title='bbox 755 823 849 885; x_wconf 75' lang='lat' dir='ltr'><strong>annis</strong></span> <span class='ocrx_word' id='word_1_37' title='bbox 875 823 1007 884; x_wconf 79' lang='lat' dir='ltr'><strong>civilibus</strong></span> <span class='ocrx_word' id='word_1_38' title='bbox 1030 845 1108 886; x_wconf 69' lang='lat' dir='ltr'><strong>com</strong></span> 
     </span>
     <span class='ocr_line' id='line_1_6' title="bbox 149 930 295 992; baseline 0.007 -2"><span class='ocrx_word' id='word_1_39' title='bbox 149 930 295 992; x_wconf 81' lang='lat' dir='ltr'><strong>nwmndi.</strong></span> 
     </span>
    </p>

    <p class='ocr_par' dir='ltr' id='par_1_2' title="bbox 109 1037 1109 1228">
     <span class='ocr_line' id='line_1_7' title="bbox 109 1037 1108 1118; baseline 0.005 -24"><span class='ocrx_word' id='word_1_40' title='bbox 109 1037 128 1094; x_wconf 91' lang='lat'>3</span> <span class='ocrx_word' id='word_1_41' title='bbox 151 1037 199 1097; x_wconf 89' lang='lat' dir='ltr'><strong>Sic</strong></span> <span class='ocrx_word' id='word_1_42' title='bbox 219 1037 306 1098; x_wconf 82' lang='lat' dir='ltr'><strong>Amb.</strong></span> <span class='ocrx_word' id='word_1_43' title='bbox 331 1038 384 1115; x_wconf 81' lang='lat'><strong>15,</strong></span> <span class='ocrx_word' id='word_1_44' title='bbox 405 1049 439 1099; x_wconf 92' lang='lat' dir='ltr'><strong>ut</strong></span> <span class='ocrx_word' id='word_1_45' title='bbox 458 1041 516 1100; x_wconf 85' lang='lat' dir='ltr'><strong>iam</strong></span> <span class='ocrx_word' id='word_1_46' title='bbox 537 1038 688 1098; x_wconf 73' lang='lat' dir='ltr'><strong>Manutius</strong></span> <span class='ocrx_word' id='word_1_47' title='bbox 708 1037 890 1118; x_wconf 81' lang='lat' dir='ltr'><strong>emendavit,</strong></span> <span class='ocrx_word' id='word_1_48' title='bbox 911 1040 1002 1099; x_wconf 83' lang='lat' dir='ltr'><strong>etsie</strong></span> <span class='ocrx_word' id='word_1_49' title='bbox 1028 1058 1108 1099; x_wconf 86' lang='lat' dir='ltr'><strong>nunc</strong></span> 
     </span>
     <span class='ocr_line' id='line_1_8' title="bbox 149 1143 1109 1228; baseline 0.003 -25"><span class='ocrx_word' id='word_1_50' title='bbox 149 1143 255 1205; x_wconf 86' lang='lat' dir='ltr'><strong>editur.</strong></span> <span class='ocrx_word' id='word_1_51' title='bbox 276 1145 366 1206; x_wconf 92' lang='lat' dir='ltr'><strong>Liber</strong></span> <span class='ocrx_word' id='word_1_52' title='bbox 379 1145 485 1205; x_wconf 86' lang='lat' dir='ltr'><strong>Medic.</strong></span> <span class='ocrx_word' id='word_1_53' title='bbox 506 1145 588 1228; x_wconf 82' lang='lat' dir='ltr'><strong>apud</strong></span> <span class='ocrx_word' id='word_1_54' title='bbox 602 1145 767 1206; x_wconf 81' lang='lat' dir='ltr'><strong>Victorium</strong></span> <span class='ocrx_word' id='word_1_55' title='bbox 787 1155 818 1206; x_wconf 91' lang='lat' dir='ltr'><strong>et</strong></span> <span class='ocrx_word' id='word_1_56' title='bbox 838 1143 1013 1206; x_wconf 72' lang='lat' dir='ltr'><strong>membrano</strong></span> <span class='ocrx_word' id='word_1_57' title='bbox 1026 1146 1109 1207; x_wconf 85' lang='lat' dir='ltr'><strong>Tuu-</strong></span> 
     </span>
    </p>

    <p class='ocr_par' dir='ltr' id='par_1_3' title="bbox 127 1250 1108 1759">
     <span class='ocr_line' id='line_1_9' title="bbox 127 1250 1107 1334; baseline 0.005 -26"><span class='ocrx_word' id='word_1_58' title='bbox 127 1287 130 1294; x_wconf 92' lang='lat'>·</span> <span class='ocrx_word' id='word_1_59' title='bbox 151 1253 272 1311; x_wconf 81' lang='lat' dir='ltr'><strong>m&#39;nensis</strong></span> <span class='ocrx_word' id='word_1_60' title='bbox 292 1250 373 1333; x_wconf 82' lang='lat' dir='ltr'><strong>upud</strong></span> <span class='ocrx_word' id='word_1_61' title='bbox 393 1252 510 1328; x_wconf 86' lang='lat' dir='ltr'><strong>Peyron</strong></span> <span class='ocrx_word' id='word_1_62' title='bbox 534 1253 700 1334; x_wconf 68' lang='lat' dir='ltr'><strong>reciperarr</strong></span> <span class='ocrx_word' id='word_1_63' title='bbox 721 1250 805 1333; x_wconf 90' lang='lat' dir='ltr'><strong>quod</strong></span> <span class='ocrx_word' id='word_1_64' title='bbox 818 1253 968 1312; x_wconf 81' lang='lat' dir='ltr'><strong>Gruterus</strong></span> <span class='ocrx_word' id='word_1_65' title='bbox 981 1263 1011 1312; x_wconf 89' lang='lat' dir='ltr'><strong>et</strong></span> <span class='ocrx_word' id='word_1_66' title='bbox 1024 1251 1107 1313; x_wconf 87' lang='lat' dir='ltr'><strong>Geb-</strong></span> 
     </span>
     <span class='ocr_line' id='line_1_10' title="bbox 148 1356 1108 1442; baseline 0.003 -26"><span class='ocrx_word' id='word_1_67' title='bbox 148 1356 277 1434; x_wconf 80' lang='lat' dir='ltr'><strong>hardus,</strong></span> <span class='ocrx_word' id='word_1_68' title='bbox 298 1370 332 1419; x_wconf 93' lang='lat' dir='ltr'><strong>ut</strong></span> <span class='ocrx_word' id='word_1_69' title='bbox 351 1361 542 1438; x_wconf 76' lang='lat' dir='ltr'><strong>margaritum</strong></span> <span class='ocrx_word' id='word_1_70' title='bbox 565 1362 763 1442; x_wconf 83' lang='lat' dir='ltr'><strong>arripuerunt.</strong></span> <span class='ocrx_word' id='word_1_71' title='bbox 790 1358 901 1420; x_wconf 88' lang='lat' dir='ltr'><strong>Sordes</strong></span> <span class='ocrx_word' id='word_1_72' title='bbox 926 1361 1108 1442; x_wconf 77' lang='lat' dir='ltr'><strong>anfiquario·</strong></span> 
     </span>
     <span class='ocr_line' id='line_1_11' title="bbox 148 1465 1108 1549; baseline 0.005 -26"><span class='ocrx_word' id='word_1_73' title='bbox 148 1486 232 1540; x_wconf 86' lang='lat' dir='ltr'><strong>rum,</strong></span> <span class='ocrx_word' id='word_1_74' title='bbox 252 1467 347 1546; x_wconf 87' lang='lat' dir='ltr'><strong>inquit</strong></span> <span class='ocrx_word' id='word_1_75' title='bbox 366 1465 527 1527; x_wconf 86' lang='lat' dir='ltr'><strong>Emestius.</strong></span> <span class='ocrx_word' id='word_1_76' title='bbox 548 1465 668 1528; x_wconf 81' lang='lat' dir='ltr'><strong>Ceteras</strong></span> <span class='ocrx_word' id='word_1_77' title='bbox 689 1466 778 1526; x_wconf 83' lang='lat' dir='ltr'><strong>huius</strong></span> <span class='ocrx_word' id='word_1_78' title='bbox 798 1465 938 1549; x_wconf 78' lang='lat' dir='ltr'><strong>epistolae</strong></span> <span class='ocrx_word' id='word_1_79' title='bbox 953 1467 1108 1528; x_wconf 64' lang='lat' dir='ltr'><strong>varietates</strong></span> 
     </span>
     <span class='ocr_line' id='line_1_12' title="bbox 149 1571 1108 1656; baseline 0.004 -26"><span class='ocrx_word' id='word_1_80' title='bbox 149 1571 216 1630; x_wconf 83' lang='lat' dir='ltr'><strong>vide</strong></span> <span class='ocrx_word' id='word_1_81' title='bbox 237 1572 318 1653; x_wconf 81' lang='lat' dir='ltr'><strong>apud</strong></span> <span class='ocrx_word' id='word_1_82' title='bbox 336 1573 455 1649; x_wconf 84' lang='lat' dir='ltr'><strong>Peyron</strong></span> <span class='ocrx_word' id='word_1_83' title='bbox 475 1576 505 1633; x_wconf 92' lang='lat' dir='ltr'><strong>in</strong></span> <span class='ocrx_word' id='word_1_84' title='bbox 526 1576 571 1633; x_wconf 84' lang='lat' dir='ltr'><strong>cit</strong></span> <span class='ocrx_word' id='word_1_85' title='bbox 592 1594 699 1656; x_wconf 87' lang='lat' dir='ltr'><strong>opere,</strong></span> <span class='ocrx_word' id='word_1_86' title='bbox 723 1572 825 1655; x_wconf 85' lang='lat' dir='ltr'><strong>ibique</strong></span> <span class='ocrx_word' id='word_1_87' title='bbox 851 1573 997 1635; x_wconf 84' lang='lat' dir='ltr'><strong>editorem</strong></span> <span class='ocrx_word' id='word_1_88' title='bbox 1021 1572 1108 1634; x_wconf 84' lang='lat' dir='ltr'><strong>docte</strong></span> 
     </span>
     <span class='ocr_line' id='line_1_13' title="bbox 149 1677 789 1759; baseline 0.006 -23"><span class='ocrx_word' id='word_1_89' title='bbox 149 1677 357 1759; x_wconf 80' lang='lat' dir='ltr'><strong>disputantem.</strong></span> <span class='ocrx_word' id='word_1_90' title='bbox 784 1740 789 1757; x_wconf 7' lang='grc' dir='ltr'><strong>Ἴ,</strong></span> 
     </span>
    </p>

    <p class='ocr_par' dir='ltr' id='par_1_4' title="bbox 108 1783 1107 1982">
     <span class='ocr_line' id='line_1_14' title="bbox 108 1783 1107 1869; baseline 0.006 -27"><span class='ocrx_word' id='word_1_91' title='bbox 108 1785 129 1858; x_wconf 76' lang='grc'><strong><em>4</em></strong></span> <span class='ocrx_word' id='word_1_92' title='bbox 148 1783 232 1843; x_wconf 89' lang='lat' dir='ltr'><strong>Libri</strong></span> <span class='ocrx_word' id='word_1_93' title='bbox 252 1795 317 1845; x_wconf 90' lang='lat' dir='ltr'><strong>tum</strong></span> <span class='ocrx_word' id='word_1_94' title='bbox 337 1789 452 1868; x_wconf 81' lang='lat' dir='ltr'><strong>scripti,</strong></span> <span class='ocrx_word' id='word_1_95' title='bbox 474 1797 538 1846; x_wconf 91' lang='lat' dir='ltr'><strong>tum</strong></span> <span class='ocrx_word' id='word_1_96' title='bbox 559 1785 629 1848; x_wconf 89' lang='lat' dir='ltr'><strong>editi</strong></span> <span class='ocrx_word' id='word_1_97' title='bbox 650 1786 777 1869; x_wconf 75' lang='lat' dir='ltr'><strong>aliquot,</strong></span> <span class='ocrx_word' id='word_1_98' title='bbox 796 1789 873 1848; x_wconf 84' lang='lat' dir='ltr'><strong>inter</strong></span> <span class='ocrx_word' id='word_1_99' title='bbox 892 1806 968 1869; x_wconf 87' lang='lat' dir='ltr'><strong>quos</strong></span> <span class='ocrx_word' id='word_1_100' title='bbox 987 1786 1107 1849; x_wconf 81' lang='lat' dir='ltr'><strong>Lumbi·</strong></span> 
     </span>
     <span class='ocr_line' id='line_1_15' title="bbox 149 1890 928 1982; baseline 0.006 -32"><span class='ocrx_word' id='word_1_101' title='bbox 149 1912 219 1974; x_wconf 83' lang='lat' dir='ltr'><strong>nus,</strong></span> <span class='ocrx_word' id='word_1_102' title='bbox 230 1890 352 1971; x_wconf 64' lang='lat' dir='ltr'><strong>silerent.</strong></span> <span class='ocrx_word' id='word_1_103' title='bbox 794 1968 796 1971; x_wconf 42' lang='lat'><strong>.</strong></span> <span class='ocrx_word' id='word_1_104' title='bbox 923 1967 928 1982; x_wconf 85' lang='lat'><strong>.</strong></span> 
     </span>
    </p>

    <p class='ocr_par' dir='ltr' id='par_1_5' title="bbox 107 1995 1107 2188">
     <span class='ocr_line' id='line_1_16' title="bbox 107 1995 1107 2080; baseline 0.007 -24"><span class='ocrx_word' id='word_1_105' title='bbox 107 1995 128 2056; x_wconf 79' lang='lat'><strong><em>5</em></strong></span> <span class='ocrx_word' id='word_1_106' title='bbox 149 1997 247 2080; x_wconf 81' lang='lat' dir='ltr'><strong>Vulgo</strong></span> <span class='ocrx_word' id='word_1_107' title='bbox 272 2013 298 2060; x_wconf 87' lang='lat' dir='ltr'><strong>et</strong></span> <span class='ocrx_word' id='word_1_108' title='bbox 319 2001 392 2060; x_wconf 79' lang='lat' dir='ltr'><strong>haee</strong></span> <span class='ocrx_word' id='word_1_109' title='bbox 413 2001 468 2071; x_wconf 81' lang='lat' dir='ltr'><strong>iir,·</strong></span> <span class='ocrx_word' id='word_1_110' title='bbox 491 2000 543 2061; x_wconf 86' lang='lat' dir='ltr'><strong>sed</strong></span> <span class='ocrx_word' id='word_1_111' title='bbox 563 2001 636 2062; x_wconf 79' lang='lat' dir='ltr'><strong>haec</strong></span> <span class='ocrx_word' id='word_1_112' title='bbox 657 1998 777 2061; x_wconf 85' lang='lat' dir='ltr'><strong>delebat</strong></span> <span class='ocrx_word' id='word_1_113' title='bbox 797 2011 878 2061; x_wconf 84' lang='lat' dir='ltr'><strong>recte</strong></span> <span class='ocrx_word' id='word_1_114' title='bbox 896 1999 1048 2061; x_wconf 84' lang='lat' dir='ltr'><strong>Emestius</strong></span> <span class='ocrx_word' id='word_1_115' title='bbox 1069 2021 1107 2063; x_wconf 85' lang='lat' dir='ltr'><strong>ex</strong></span> 
     </span>
     <span class='ocr_line' id='line_1_17' title="bbox 148 2105 1106 2188; baseline 0.003 -25"><span class='ocrx_word' id='word_1_116' title='bbox 148 2125 202 2164; x_wconf 89' lang='lat' dir='ltr'><strong>suo</strong></span> <span class='ocrx_word' id='word_1_117' title='bbox 216 2117 302 2188; x_wconf 83' lang='lat' dir='ltr'><strong>msto,</strong></span> <span class='ocrx_word' id='word_1_118' title='bbox 317 2119 347 2168; x_wconf 91' lang='lat' dir='ltr'><strong>et</strong></span> <span class='ocrx_word' id='word_1_119' title='bbox 360 2107 443 2168; x_wconf 83' lang='lat' dir='ltr'><strong>abest</strong></span> <span class='ocrx_word' id='word_1_120' title='bbox 456 2107 494 2166; x_wconf 86' lang='lat' dir='ltr'><strong>ub</strong></span> <span class='ocrx_word' id='word_1_121' title='bbox 505 2107 592 2168; x_wconf 81' lang='lat' dir='ltr'><strong>Amb.</strong></span> <span class='ocrx_word' id='word_1_122' title='bbox 604 2107 635 2188; x_wconf 88' lang='lat'><strong>6,</strong></span> <span class='ocrx_word' id='word_1_123' title='bbox 647 2107 708 2168; x_wconf 90' lang='lat' dir='ltr'><strong>Zel.</strong></span> <span class='ocrx_word' id='word_1_124' title='bbox 721 2109 757 2187; x_wconf 92' lang='lat' dir='ltr'><strong>B,</strong></span> <span class='ocrx_word' id='word_1_125' title='bbox 771 2105 838 2168; x_wconf 87' lang='lat' dir='ltr'><strong>edd.</strong></span> <span class='ocrx_word' id='word_1_126' title='bbox 848 2107 904 2168; x_wconf 84' lang='lat' dir='ltr'><strong>Ilo.</strong></span> <span class='ocrx_word' id='word_1_127' title='bbox 918 2118 949 2167; x_wconf 89' lang='lat' dir='ltr'><strong>et</strong></span> <span class='ocrx_word' id='word_1_128' title='bbox 961 2106 1106 2167; x_wconf 81' lang='lat' dir='ltr'><strong>Lambini.</strong></span> 
     </span>
    </p>

    <p class='ocr_par' dir='ltr' id='par_1_6' title="bbox 108 2209 1108 2508">
     <span class='ocr_line' id='line_1_18' title="bbox 108 2209 1108 2296; baseline 0.003 -25"><span class='ocrx_word' id='word_1_129' title='bbox 108 2209 128 2271; x_wconf 88' lang='lat'>6</span> <span class='ocrx_word' id='word_1_130' title='bbox 149 2212 331 2274; x_wconf 75' lang='lat' dir='ltr'><strong>Aduerbium</strong></span> <span class='ocrx_word' id='word_1_131' title='bbox 346 2216 388 2275; x_wconf 85' lang='lat' dir='ltr'><strong>ita</strong></span> <span class='ocrx_word' id='word_1_132' title='bbox 402 2236 461 2274; x_wconf 92' lang='lat' dir='ltr'><strong>non</strong></span> <span class='ocrx_word' id='word_1_133' title='bbox 476 2214 543 2274; x_wconf 83' lang='lat' dir='ltr'><strong>dieo</strong></span> <span class='ocrx_word' id='word_1_134' title='bbox 554 2213 724 2294; x_wconf 74' lang='lat' dir='ltr'><strong>abundare,</strong></span> <span class='ocrx_word' id='word_1_135' title='bbox 736 2212 790 2274; x_wconf 88' lang='lat' dir='ltr'><strong>sed</strong></span> <span class='ocrx_word' id='word_1_136' title='bbox 802 2216 862 2274; x_wconf 78' lang='lat' dir='ltr'><strong>vim</strong></span> <span class='ocrx_word' id='word_1_137' title='bbox 875 2212 1041 2296; x_wconf 81' lang='lat' dir='ltr'><strong>quandum,</strong></span> <span class='ocrx_word' id='word_1_138' title='bbox 1055 2224 1108 2274; x_wconf 84' lang='lat' dir='ltr'><strong>aut</strong></span> 
     </span>
     <span class='ocr_line' id='line_1_19' title="bbox 149 2318 1108 2403; baseline 0.003 -26"><span class='ocrx_word' id='word_1_139' title='bbox 149 2318 251 2379; x_wconf 83' lang='lat' dir='ltr'><strong>saltem</strong></span> <span class='ocrx_word' id='word_1_140' title='bbox 272 2332 454 2381; x_wconf 83' lang='lat' dir='ltr'><strong>venustatem</strong></span> <span class='ocrx_word' id='word_1_141' title='bbox 476 2323 505 2380; x_wconf 94' lang='lat' dir='ltr'><strong>in</strong></span> <span class='ocrx_word' id='word_1_142' title='bbox 525 2341 660 2381; x_wconf 82' lang='lat' dir='ltr'><strong>sermone</strong></span> <span class='ocrx_word' id='word_1_143' title='bbox 674 2320 796 2381; x_wconf 78' lang='lat' dir='ltr'><strong>bebere.</strong></span> <span class='ocrx_word' id='word_1_144' title='bbox 811 2318 857 2382; x_wconf 79' lang='lat' dir='ltr'><strong>Cf.</strong></span> <span class='ocrx_word' id='word_1_145' title='bbox 870 2341 938 2403; x_wconf 86' lang='lat' dir='ltr'><strong>epp.</strong></span> <span class='ocrx_word' id='word_1_146' title='bbox 952 2319 1108 2383; x_wconf 80' lang='lat' dir='ltr'>CXXXIII</span> 
     </span>
     <span class='ocr_line' id='line_1_20' title="bbox 149 2424 475 2508; baseline 0.003 -25"><span class='ocrx_word' id='word_1_147' title='bbox 149 2436 216 2485; x_wconf 87' lang='lat' dir='ltr'><strong>ante</strong></span> <span class='ocrx_word' id='word_1_148' title='bbox 236 2424 285 2485; x_wconf 79' lang='lat' dir='ltr'><strong>fin</strong></span> <span class='ocrx_word' id='word_1_149' title='bbox 308 2437 338 2486; x_wconf 91' lang='lat' dir='ltr'><strong>et</strong></span> <span class='ocrx_word' id='word_1_150' title='bbox 357 2427 426 2508; x_wconf 89' lang='lat' dir='ltr'><strong>LII,</strong></span> <span class='ocrx_word' id='word_1_151' title='bbox 446 2425 475 2486; x_wconf 88' lang='grc'><strong>6.</strong></span> 
     </span>
    </p>

    <p class='ocr_par' dir='ltr' id='par_1_7' title="bbox 109 2531 1109 2947">
     <span class='ocr_line' id='line_1_21' title="bbox 109 2531 1109 2614; baseline 0.002 -22"><span class='ocrx_word' id='word_1_152' title='bbox 109 2553 126 2610; x_wconf 80' lang='lat'>7</span> <span class='ocrx_word' id='word_1_153' title='bbox 148 2531 308 2612; x_wconf 83' lang='lat' dir='ltr'><strong>Equestris.</strong></span> <span class='ocrx_word' id='word_1_154' title='bbox 332 2535 406 2593; x_wconf 85' lang='lat' dir='ltr'><strong>Nam</strong></span> <span class='ocrx_word' id='word_1_155' title='bbox 433 2536 456 2594; x_wconf 91' lang='lat' dir='ltr'><strong>si</strong></span> <span class='ocrx_word' id='word_1_156' title='bbox 483 2536 620 2594; x_wconf 83' lang='lat' dir='ltr'><strong>senatorii</strong></span> <span class='ocrx_word' id='word_1_157' title='bbox 647 2533 768 2612; x_wconf 86' lang='lat' dir='ltr'><strong>fuisset,</strong></span> <span class='ocrx_word' id='word_1_158' title='bbox 793 2533 908 2594; x_wconf 73' lang='lat' dir='ltr'><strong>ordinis</strong></span> <span class='ocrx_word' id='word_1_159' title='bbox 933 2535 1028 2594; x_wconf 83' lang='lat' dir='ltr'><strong>nostn’</strong></span> <span class='ocrx_word' id='word_1_160' title='bbox 1051 2531 1109 2614; x_wconf 89' lang='lat' dir='ltr'><strong>(ut</strong></span> 
     </span>
     <span class='ocr_line' id='line_1_22' title="bbox 148 2638 1109 2724; baseline 0.003 -27"><span class='ocrx_word' id='word_1_161' title='bbox 148 2640 309 2722; x_wconf 87' lang='lat' dir='ltr'><strong>Pompeius</strong></span> <span class='ocrx_word' id='word_1_162' title='bbox 333 2662 379 2724; x_wconf 89' lang='lat' dir='ltr'><strong>ep.</strong></span> <span class='ocrx_word' id='word_1_163' title='bbox 406 2641 611 2703; x_wconf 85' lang='lat' dir='ltr'>CCCXXXVI</span> <span class='ocrx_word' id='word_1_164' title='bbox 631 2640 674 2722; x_wconf 74' lang='lat' dir='ltr'><strong>A)</strong></span> <span class='ocrx_word' id='word_1_165' title='bbox 700 2640 826 2702; x_wconf 78' lang='lat' dir='ltr'><strong>dixisset.</strong></span> <span class='ocrx_word' id='word_1_166' title='bbox 849 2640 965 2702; x_wconf 71' lang='lat' dir='ltr'><strong>Mum.</strong></span> <span class='ocrx_word' id='word_1_167' title='bbox 986 2638 1042 2702; x_wconf 90' lang='lat' dir='ltr'><strong>Vel</strong></span> <span class='ocrx_word' id='word_1_168' title='bbox 1071 2658 1109 2700; x_wconf 87' lang='lat' dir='ltr'><strong>ex</strong></span> 
     </span>
     <span class='ocr_line' id='line_1_23' title="bbox 148 2747 1109 2834; baseline 0.001 -27"><span class='ocrx_word' id='word_1_169' title='bbox 148 2748 205 2808; x_wconf 91' lang='lat' dir='ltr'><strong>hoc</strong></span> <span class='ocrx_word' id='word_1_170' title='bbox 220 2748 287 2809; x_wconf 90' lang='lat' dir='ltr'><strong>looo</strong></span> <span class='ocrx_word' id='word_1_171' title='bbox 306 2760 402 2834; x_wconf 81' lang='lat' dir='ltr'><strong>patet,</strong></span> <span class='ocrx_word' id='word_1_172' title='bbox 422 2749 499 2811; x_wconf 83' lang='lat' dir='ltr'><strong>hene</strong></span> <span class='ocrx_word' id='word_1_173' title='bbox 519 2749 671 2833; x_wconf 85' lang='lat' dir='ltr'><strong>epistolam</strong></span> <span class='ocrx_word' id='word_1_174' title='bbox 693 2769 753 2810; x_wconf 92' lang='lat' dir='ltr'><strong>non</strong></span> <span class='ocrx_word' id='word_1_175' title='bbox 774 2769 836 2810; x_wconf 85' lang='lat' dir='ltr'><strong>esse</strong></span> <span class='ocrx_word' id='word_1_176' title='bbox 857 2747 896 2809; x_wconf 86' lang='lat' dir='ltr'><strong>ud</strong></span> <span class='ocrx_word' id='word_1_177' title='bbox 915 2749 949 2809; x_wconf 91' lang='lat' dir='ltr'><strong>L.</strong></span> <span class='ocrx_word' id='word_1_178' title='bbox 971 2747 1109 2829; x_wconf 78' lang='lat' dir='ltr'><strong>Torque-</strong></span> 
     </span>
     <span class='ocr_line' id='line_1_24' title="bbox 149 2853 1108 2947; baseline 0.005 -32"><span class='ocrx_word' id='word_1_179' title='bbox 149 2866 227 2938; x_wconf 91' lang='lat' dir='ltr'><strong>tum,</strong></span> <span class='ocrx_word' id='word_1_180' title='bbox 248 2858 282 2916; x_wconf 90' lang='lat' dir='ltr'><strong>L.</strong></span> <span class='ocrx_word' id='word_1_181' title='bbox 296 2855 354 2936; x_wconf 82' lang='lat' dir='ltr'><strong>fit,</strong></span> <span class='ocrx_word' id='word_1_182' title='bbox 372 2859 406 2920; x_wconf 90' lang='lat' dir='ltr'><strong>L.</strong></span> <span class='ocrx_word' id='word_1_183' title='bbox 421 2859 494 2941; x_wconf 88' lang='lat' dir='ltr'><strong>Nep.</strong></span> <span class='ocrx_word' id='word_1_184' title='bbox 509 2861 655 2947; x_wconf 78' lang='lat' dir='ltr'><strong>scriptum.</strong></span> <span class='ocrx_word' id='word_1_185' title='bbox 678 2857 734 2919; x_wconf 90' lang='lat' dir='ltr'><strong>Hic</strong></span> <span class='ocrx_word' id='word_1_186' title='bbox 745 2860 824 2919; x_wconf 87' lang='lat' dir='ltr'><strong>enim</strong></span> <span class='ocrx_word' id='word_1_187' title='bbox 837 2859 873 2919; x_wconf 74' lang='lat' dir='ltr'><strong>A.</strong></span> <span class='ocrx_word' id='word_1_188' title='bbox 887 2856 925 2919; x_wconf 91' lang='lat' dir='ltr'><strong>V.</strong></span> <span class='ocrx_word' id='word_1_189' title='bbox 939 2855 972 2917; x_wconf 92' lang='lat' dir='ltr'><strong>C.</strong></span> <span class='ocrx_word' id='word_1_190' title='bbox 987 2853 1108 2920; x_wconf 81' lang='lat' dir='ltr'><strong>Dcctv</strong></span> 
     </span>
    </p>
   </div>
   <div class='ocr_carea' id='block_1_2' title="bbox 146 2952 1108 3134">
    <p class='ocr_par' dir='ltr' id='par_1_8' title="bbox 146 2952 1108 3134">
     <span class='ocr_line' id='line_1_25' title="bbox 146 2952 1108 3048; baseline 0.004 -26"><span class='ocrx_word' id='word_1_191' title='bbox 146 2975 267 3046; x_wconf 85' lang='lat' dir='ltr'><strong>praetor</strong></span> <span class='ocrx_word' id='word_1_192' title='bbox 287 2965 400 3046; x_wconf 66' lang='lat' dir='ltr'><strong>fuerat,</strong></span> <span class='ocrx_word' id='word_1_193' title='bbox 425 2966 552 3048; x_wconf 87' lang='lat' dir='ltr'><strong>ideoque</strong></span> <span class='ocrx_word' id='word_1_194' title='bbox 580 2952 695 3027; x_wconf 85' lang='lat' dir='ltr'><strong>dudum</strong></span> <span class='ocrx_word' id='word_1_195' title='bbox 719 2968 832 3026; x_wconf 79' lang='lat' dir='ltr'><strong>eratin</strong></span> <span class='ocrx_word' id='word_1_196' title='bbox 852 2966 1034 3026; x_wconf 77' lang='lat' dir='ltr'><strong>senatorium</strong></span> <span class='ocrx_word' id='word_1_197' title='bbox 1057 2983 1108 3026; x_wconf 84' lang='lat' dir='ltr'><strong>or·</strong></span> 
     </span>
     <span class='ocr_line' id='line_1_26' title="bbox 148 3071 545 3134; baseline 0.01 -4"><span class='ocrx_word' id='word_1_198' title='bbox 148 3071 247 3131; x_wconf 86' lang='lat' dir='ltr'><strong>dinem</strong></span> <span class='ocrx_word' id='word_1_199' title='bbox 268 3073 408 3133; x_wconf 73' lang='lat' dir='ltr'><strong>adlectus·</strong></span> <span class='ocrx_word' id='word_1_200' title='bbox 429 3074 545 3134; x_wconf 77' lang='lat' dir='ltr'><strong>Schiitz.</strong></span> 
     </span>
    </p>
   </div>
   <div class='ocr_carea' id='block_1_3' title="bbox 106 3174 1107 3369">
    <p class='ocr_par' dir='ltr' id='par_1_9' title="bbox 106 3174 1107 3369">
     <span class='ocr_line' id='line_1_27' title="bbox 106 3174 1107 3263; baseline 0.005 -26"><span class='ocrx_word' id='word_1_201' title='bbox 106 3174 126 3238; x_wconf 89' lang='lat'>8</span> <span class='ocrx_word' id='word_1_202' title='bbox 147 3178 195 3238; x_wconf 90' lang='lat' dir='ltr'><strong>Sic</strong></span> <span class='ocrx_word' id='word_1_203' title='bbox 215 3200 281 3238; x_wconf 80' lang='lat' dir='ltr'><strong>mss.</strong></span> <span class='ocrx_word' id='word_1_204' title='bbox 303 3190 333 3239; x_wconf 92' lang='lat' dir='ltr'><strong>et</strong></span> <span class='ocrx_word' id='word_1_205' title='bbox 353 3179 420 3240; x_wconf 90' lang='lat' dir='ltr'><strong>edd.</strong></span> <span class='ocrx_word' id='word_1_206' title='bbox 442 3183 568 3263; x_wconf 82' lang='lat' dir='ltr'><strong>priores,</strong></span> <span class='ocrx_word' id='word_1_207' title='bbox 589 3192 662 3241; x_wconf 84' lang='lat' dir='ltr'><strong>teste</strong></span> <span class='ocrx_word' id='word_1_208' title='bbox 681 3179 828 3241; x_wconf 86' lang='lat' dir='ltr'><strong>Ernestio.</strong></span> <span class='ocrx_word' id='word_1_209' title='bbox 843 3179 1031 3241; x_wconf 76' lang='lat' dir='ltr'><strong>Ambrosium</strong></span> <span class='ocrx_word' id='word_1_210' title='bbox 1044 3177 1107 3242; x_wconf 77' lang='lat' dir='ltr'><strong>fere</strong></span> 
     </span>
     <span class='ocr_line' id='line_1_28' title="bbox 147 3285 689 3369; baseline 0.007 -26"><span class='ocrx_word' id='word_1_211' title='bbox 147 3305 248 3346; x_wconf 89' lang='lat' dir='ltr'><strong>omnes</strong></span> <span class='ocrx_word' id='word_1_212' title='bbox 268 3286 388 3368; x_wconf 79' lang='lat' dir='ltr'><strong>quaudo</strong></span> <span class='ocrx_word' id='word_1_213' title='bbox 395 3311 406 3360; x_wconf 91' lang='lat'><strong>,·</strong></span> <span class='ocrx_word' id='word_1_214' title='bbox 428 3287 477 3346; x_wconf 86' lang='lat' dir='ltr'><strong>elii</strong></span> <span class='ocrx_word' id='word_1_215' title='bbox 496 3285 568 3360; x_wconf 84' lang='lat' dir='ltr'><strong>sed,</strong></span> <span class='ocrx_word' id='word_1_216' title='bbox 589 3309 689 3369; x_wconf 86' lang='lat' dir='ltr'><strong>quum.</strong></span> 
     </span>
    </p>
   </div>
   <div class='ocr_carea' id='block_1_4' title="bbox 106 3391 1251 3474">
    <p class='ocr_par' dir='ltr' id='par_1_10' title="bbox 106 3391 1251 3474">
     <span class='ocr_line' id='line_1_29' title="bbox 106 3391 1251 3474; baseline -0.005 -21"><span class='ocrx_word' id='word_1_217' title='bbox 106 3410 126 3471; x_wconf 81' lang='lat'><strong>9</strong></span> <span class='ocrx_word' id='word_1_218' title='bbox 146 3392 206 3469; x_wconf 85' lang='lat' dir='ltr'><strong>Qui</strong></span> <span class='ocrx_word' id='word_1_219' title='bbox 228 3393 316 3454; x_wconf 89' lang='lat' dir='ltr'><strong>fuerit</strong></span> <span class='ocrx_word' id='word_1_220' title='bbox 336 3394 384 3453; x_wconf 90' lang='lat' dir='ltr'><strong>hic</strong></span> <span class='ocrx_word' id='word_1_221' title='bbox 409 3415 510 3474; x_wconf 80' lang='lat' dir='ltr'><strong>casus,</strong></span> <span class='ocrx_word' id='word_1_222' title='bbox 535 3414 623 3455; x_wconf 89' lang='lat' dir='ltr'><strong>nemo</strong></span> <span class='ocrx_word' id='word_1_223' title='bbox 651 3396 712 3455; x_wconf 86' lang='lat' dir='ltr'><strong>soit.</strong></span> <span class='ocrx_word' id='word_1_224' title='bbox 733 3392 852 3455; x_wconf 79' lang='lat' dir='ltr'><strong>Acoedo</strong></span> <span class='ocrx_word' id='word_1_225' title='bbox 873 3391 913 3452; x_wconf 87' lang='lat' dir='ltr'><strong>ed</strong></span> <span class='ocrx_word' id='word_1_226' title='bbox 938 3391 1107 3452; x_wconf 81' lang='lat' dir='ltr'><strong>Heumanni</strong></span> <span class='ocrx_word' id='word_1_227' title='bbox 1240 3398 1251 3426; x_wconf 68' lang='lat' dir='ltr'><em>s</em></span> 
     </span>
    </p>
   </div>
   <div class='ocr_carea' id='block_1_5' title="bbox 146 3497 1108 3797">
    <p class='ocr_par' dir='ltr' id='par_1_11' title="bbox 146 3497 1108 3797">
     <span class='ocr_line' id='line_1_30' title="bbox 146 3497 1107 3584; baseline 0.002 -29"><span class='ocrx_word' id='word_1_228' title='bbox 146 3501 328 3580; x_wconf 89' lang='lat' dir='ltr'><strong>opinionem,</strong></span> <span class='ocrx_word' id='word_1_229' title='bbox 348 3503 400 3583; x_wconf 87' lang='lat' dir='ltr'><strong>qui</strong></span> <span class='ocrx_word' id='word_1_230' title='bbox 413 3512 512 3584; x_wconf 83' lang='lat' dir='ltr'><strong>putet,</strong></span> <span class='ocrx_word' id='word_1_231' title='bbox 533 3500 686 3562; x_wconf 83' lang='lat' dir='ltr'><strong>librarium</strong></span> <span class='ocrx_word' id='word_1_232' title='bbox 700 3521 804 3561; x_wconf 85' lang='lat' dir='ltr'><strong>vocem</strong></span> <span class='ocrx_word' id='word_1_233' title='bbox 816 3501 879 3560; x_wconf 76' lang='lat' dir='ltr'><strong>eius</strong></span> <span class='ocrx_word' id='word_1_234' title='bbox 893 3497 1107 3581; x_wconf 75' lang='lat' dir='ltr'><strong>explicaturum</strong></span> 
     </span>
     <span class='ocr_line' id='line_1_31' title="bbox 146 3604 1108 3691; baseline 0.003 -30"><span class='ocrx_word' id='word_1_235' title='bbox 146 3605 176 3661; x_wconf 91' lang='lat' dir='ltr'><strong>in</strong></span> <span class='ocrx_word' id='word_1_236' title='bbox 200 3610 332 3688; x_wconf 78' lang='lat' dir='ltr'><strong>murgIne</strong></span> <span class='ocrx_word' id='word_1_237' title='bbox 358 3612 527 3691; x_wconf 83' lang='lat' dir='ltr'><strong>apposuisse</strong></span> <span class='ocrx_word' id='word_1_238' title='bbox 552 3607 636 3669; x_wconf 77' lang='lat' dir='ltr'><strong>Caes.</strong></span> <span class='ocrx_word' id='word_1_239' title='bbox 658 3607 869 3690; x_wconf 84' lang='lat' dir='ltr'><strong>compendioso</strong></span> <span class='ocrx_word' id='word_1_240' title='bbox 889 3604 1035 3667; x_wconf 72' lang='lat' dir='ltr'><strong>sulbeudi</strong></span> <span class='ocrx_word' id='word_1_241' title='bbox 1057 3623 1108 3664; x_wconf 84' lang='lat' dir='ltr'><strong>re-</strong></span> 
     </span>
     <span class='ocr_line' id='line_1_32' title="bbox 147 3709 1106 3797; baseline 0.001 -29"><span class='ocrx_word' id='word_1_242' title='bbox 147 3711 225 3771; x_wconf 85' lang='lat' dir='ltr'><strong>tione</strong></span> <span class='ocrx_word' id='word_1_243' title='bbox 245 3733 301 3794; x_wconf 87' lang='lat' dir='ltr'><strong>pm</strong></span> <span class='ocrx_word' id='word_1_244' title='bbox 325 3712 472 3779; x_wconf 60' lang='lat' dir='ltr'><strong>Caesam</strong></span> <span class='ocrx_word' id='word_1_245' title='bbox 492 3714 540 3775; x_wconf 86' lang='lat' dir='ltr'><strong>Ex</strong></span> <span class='ocrx_word' id='word_1_246' title='bbox 561 3714 612 3775; x_wconf 95' lang='lat' dir='ltr'><strong>illo</strong></span> <span class='ocrx_word' id='word_1_247' title='bbox 632 3714 738 3776; x_wconf 83' lang='lat' dir='ltr'><strong>delnde</strong></span> <span class='ocrx_word' id='word_1_248' title='bbox 751 3717 914 3797; x_wconf 84' lang='lat' dir='ltr'><strong>scriptume</strong></span> <span class='ocrx_word' id='word_1_249' title='bbox 928 3709 1106 3794; x_wconf 83' lang='lat' dir='ltr'><strong>compendio</strong></span> 
     </span>
    </p>
   </div>
   <div class='ocr_carea' id='block_1_6' title="bbox 145 3815 1108 3983">
    <p class='ocr_par' dir='ltr' id='par_1_12' title="bbox 145 3815 1108 3983">
     <span class='ocr_line' id='line_1_33' title="bbox 145 3815 1108 3905; baseline 0.006 -32"><span class='ocrx_word' id='word_1_250' title='bbox 145 3815 257 3877; x_wconf 83' lang='lat' dir='ltr'><strong>suctum</strong></span> <span class='ocrx_word' id='word_1_251' title='bbox 269 3840 332 3882; x_wconf 86' lang='lat' dir='ltr'><strong>esse</strong></span> <span class='ocrx_word' id='word_1_252' title='bbox 344 3843 418 3884; x_wconf 75' lang='lat' dir='ltr'><strong>casu</strong></span> <span class='ocrx_word' id='word_1_253' title='bbox 424 3868 435 3898; x_wconf 93' lang='lat'><strong>,</strong></span> <span class='ocrx_word' id='word_1_254' title='bbox 450 3834 480 3884; x_wconf 91' lang='lat' dir='ltr'><strong>et</strong></span> <span class='ocrx_word' id='word_1_255' title='bbox 493 3825 524 3884; x_wconf 91' lang='lat' dir='ltr'><strong>in</strong></span> <span class='ocrx_word' id='word_1_256' title='bbox 537 3833 652 3885; x_wconf 81' lang='lat' dir='ltr'><strong>textum</strong></span> <span class='ocrx_word' id='word_1_257' title='bbox 665 3825 821 3905; x_wconf 83' lang='lat' dir='ltr'><strong>irrepsisse.</strong></span> <span class='ocrx_word' id='word_1_258' title='bbox 843 3819 917 3882; x_wconf 77' lang='lat' dir='ltr'><strong>cod.</strong></span> <span class='ocrx_word' id='word_1_259' title='bbox 932 3819 1002 3881; x_wconf 75' lang='lat' dir='ltr'><strong>lieo.</strong></span> <span class='ocrx_word' id='word_1_260' title='bbox 1015 3817 1108 3900; x_wconf 79' lang='lat' dir='ltr'><strong>quast</strong></span> 
     </span>
     <span class='ocr_line' id='line_1_34' title="bbox 150 3919 307 3983; baseline 0.019 -3"><span class='ocrx_word' id='word_1_261' title='bbox 150 3919 260 3983; x_wconf 72' lang='lat' dir='ltr'><strong>elevicti.</strong></span> <span class='ocrx_word' id='word_1_262' title='bbox 300 3970 307 3983; x_wconf 91' lang='lat'><strong>.</strong></span> 
     </span>
    </p>
   </div>
   <div class='ocr_carea' id='block_1_7' title="bbox 0 0 1328 4822">
    <p class='ocr_par' dir='ltr' id='par_1_13' title="bbox 0 0 1328 4822">
     <span class='ocr_line' id='line_1_35' title="bbox 0 0 1328 4822; baseline 0 0"><span class='ocrx_word' id='word_1_263' title='bbox 0 0 1328 4822; x_wconf 95' lang='lat' dir='ltr'><strong> </strong></span> 
     </span>
    </p>
   </div>
  </div>
 </body>
</html>
