2648 4822
160 413 212 488 68
465 432 635 482 rrrsrona
662 434 807 480 nxxxrrr.
935 430 968 480 a.
985 435 1018 481 v.
1035 437 1065 484 c.
1083 433 1131 498 ,σε

161 537 364 615 obturbavit
387 535 580 635 Philippus.
606 535 714 633 Nam,
736 548 776 607 ut
800 534 875 608 lieri
900 562 957 607 me
982 535 1154 639 salutarit,

160 666 280 739 statim
304 665 451 737 Romam
476 662 653 763 profectus
679 676 740 734 est.

210 790 471 892 aEpistolam,
503 815 608 890 quam
640 788 686 862 ad
715 789 887 885 Brutum,
919 802 959 860 ut
989 788 1055 861 tibi
1078 788 1151 889 pla-

159 930 298 1016 cuerat,
329 917 475 1016 scripsi,
506 917 617 987 misi⁸
650 914 695 986 ad
728 928 771 986 te.
807 912 953 987 Curabis
987 940 1068 987 cum
1093 928 1150 987 tua

158 1043 408 1143 perferendam.
445 1044 531 1115 Eius
557 1057 673 1114 tamen
698 1043 776 1113 misi
802 1040 848 1113 ad
874 1055 908 1114 te
933 1039 1150 1141 exemplum,

158 1182 219 1268 ut,
243 1171 271 1241 si
298 1170 411 1242 minus
436 1169 611 1269 placeret,
636 1195 681 1239 ne
706 1171 871 1240 mitteres.

207 1296 229 1368 3
262 1296 496 1368 Domesticas
529 1295 625 1397 quod
657 1296 706 1366 ais
739 1294 862 1366 ordine
899 1292 1149 1391 administrari,

157 1421 301 1520 scribes,
326 1448 415 1524 quae
440 1422 511 1493 sint
535 1448 591 1494 ea:
618 1421 789 1523 quaedam
815 1421 908 1493 enim
934 1434 1109 1521 exspecto.

206 1548 427 1641 ilCocceius
465 1548 546 1619 vide
578 1573 622 1619 ne
659 1548 842 1621 frustretur
864 1563 902 1618 ¹⁰.
941 1546 1034 1620 Nam
1060 1546 1148 1621 Libo

157 1673 253 1773 quod
278 1674 479 1773 pollicetur,
505 1688 543 1747 ut
567 1674 657 1747 Eros
683 1674 819 1773 scribit,
836 1699 909 1746 non
924 1688 952 1725 ¹¹
980 1675 1148 1748 incertum

155 1813 253 1901 puto.
278 1801 331 1872 De
356 1814 451 1873 sorte
470 1817 499 1850 ¹²
525 1827 601 1874 mea
627 1800 782 1900 Sulpicio
809 1799 967 1897 confido,
982 1814 1020 1872 et
1038 1801 1148 1899 Egna-

156 1928 207 1999 tio
231 1925 371 2003 scilicet

206 2051 228 2125 5
253 2052 307 2125 De
331 2052 481 2151 Apuleio
496 2055 535 2152 ¹³,
561 2054 646 2155 quid
671 2067 741 2151 est,
758 2053 854 2155 quod
869 2051 1026 2152 labores,
1044 2077 1147 2154 quum

155 2177 201 2250 sit
226 2179 402 2251 excusatio
427 2178 561 2252 sacilisl

203 2304 228 2377 6
254 2304 335 2376 Tibi
368 2305 412 2377 ad
444 2331 500 2378 me
536 2308 674 2407 venire,
705 2322 745 2380 ut
776 2308 948 2406 ostendis,
980 2306 1082 2404 vide,
1103 2328 1146 2378 ne

153 2454 226 2501 non
252 2431 297 2502 sit
321 2430 429 2503 sacile.
454 2434 520 2507 Est
552 2436 644 2506 enim
677 2432 819 2532 longum
852 2436 939 2530 iter,
972 2430 1144 2505 disceden-

153 2569 294 2656 temque
320 2572 372 2655 te,
397 2559 493 2659 quod
519 2559 675 2633 celeriter
700 2561 764 2633 tibi
781 2563 845 2634 erit
862 2559 1008 2632 fortasse
1027 2558 1144 2633 lacien-

155 2679 249 2778 dum,
269 2708 341 2753 non
359 2684 431 2754 sine
450 2711 576 2782 magno
595 2687 715 2759 dolore
734 2687 915 2760 dimittam.
933 2685 1005 2758 Sed
1023 2684 1143 2779 omnia,

152 2818 193 2877 ut
217 2805 323 2879 voles.
348 2810 426 2906 Ego
452 2812 561 2908 enim,
579 2814 745 2914 quicquid
762 2813 899 2911 feceris,
914 2813 952 2885 id
970 2840 1078 2914 quum
1097 2834 1143 2885 re·

154 2943 230 3029 cte,
256 2946 330 3005 tum
357 2934 460 3007 etiam
487 2963 562 3009 mea
589 2965 691 3012 causa
717 2939 847 3012 lactum
872 2938 1018 3038 putabo.

203 3086 225 3158 7
251 3059 336 3132 Heri
358 3088 468 3160 ,quum
495 3089 536 3135 ex
556 3064 701 3138 aliorum
719 3065 826 3139 literis
844 3066 1087 3165 cognovissem
1101 3063 1142 3139 de

151 3183 295 3257 Antonii
322 3186 476 3261 adventu
497 3190 536 3289 ¹4,
561 3192 749 3266 admiratus
774 3218 869 3292 sum,
896 3192 985 3266 nihil
1010 3220 1085 3267 esse
1107 3193 1142 3265 in

151 3312 228 3383 tuis.
256 3312 325 3385 Sed
351 3329 450 3388 erant
474 3318 585 3416 pridie
611 3319 755 3392 fortasse
779 3322 948 3424 scriptae,
965 3346 1073 3423 quam
1089 3318 1141 3393 da·

152 3447 216 3506 tae.
241 3437 363 3539 Neque
388 3442 454 3515 ista
479 3443 621 3544 quidem
647 3472 739 3519 curo.
772 3446 843 3520 Sed
874 3460 993 3519 tamen
1020 3450 1141 3548 opinor

151 3574 298 3658 propter
320 3565 467 3662 praedes
487 3572 516 3618 ¹⁵
542 3597 623 3643 suos
647 3572 890 3646 accucurrisse.
1187 3570 1189 3577 ’

201 3687 224 3758 8
250 3687 359 3779 Quod
389 3694 527 3793 scribis,
551 3697 750 3771 Terentiam
788 3699 832 3771 de
864 3699 1139 3799 obsignatoribns
1187 3682 1189 3731 ³

151 3812 220 3881 mei
245 3820 444 3892 testamenti
469 3820 566 3922 loqui
586 3826 631 3923 ¹⁶5
668 3825 820 3924 primum
851 3824 916 3900 tibi
952 3826 1139 3927 persuade,
1186 3796 1189 3873 l

150 3962 205 4009 me
230 3939 337 4015 istaec
363 3971 434 4021 non
461 3975 604 4049 curare,
634 3978 748 4054 neque
773 3979 848 4028 esse
874 3954 1064 4057 ‹pricquam
1087 3962 1142 4027 aut
