2648 4822
221 424 293 517 2⁴0
560 442 733 493 mrsrou
759 444 881 492 urens
1005 444 1037 492 n
1054 449 1087 495 v.
1104 448 1135 496 n
1155 448 1208 511 700
1262 452 1266 456 -

219 549 314 620 euim
339 547 413 618 eius
438 571 542 617 cansa
568 571 654 617 sane
679 545 793 618 debeo
807 565 832 616 ⁷:
850 559 903 643 et,
927 547 958 617 si
982 571 1121 648 emero,
1140 552 1232 653 quid

219 675 307 771 erit,
331 672 429 774 quod
455 671 663 771 postuleti⁸
689 671 760 744 Sed
786 669 941 770 videbis,
969 698 1014 744 ne
1039 676 1094 773 is,
1119 703 1231 778 quum

218 799 326 872 sitin
350 798 489 895 Africa,
519 810 557 868 ut
588 795 727 870 Caelius
744 815 769 868 ⁹.
794 798 849 870 De
873 799 1037 897 nomine,
1066 813 1105 872 tu
1132 801 1230 876 vide-

216 923 274 997 bis
307 951 388 997 cum
420 926 542 1023 Cispio
562 939 606 993 ¹⁰:
642 922 725 1018 sed,
758 924 788 995 si
819 921 973 997 Plancus
1011 924 1170 1002 destinat
1188 942 1229 1028 ⁸¹,

217 1064 294 1123 tum
319 1048 427 1121 habet
452 1076 506 1122 res
533 1048 776 1120 difficultatem
796 1065 835 1121 ¹¹.
863 1050 917 1123 Te
943 1050 990 1123 ad
1022 1077 1080 1124 me
1106 1055 1227 1128 venire

216 1190 365 1277 uterque
391 1191 550 1249 nostrum
577 1177 694 1274 cupit;
718 1174 783 1246 sed
800 1177 868 1248 ista
884 1201 940 1249 res
955 1178 985 1227 ¹³
1001 1177 1100 1252 nullo
1116 1179 1226 1254 modo

216 1300 443 1402 relinquenda
478 1315 542 1373 est.
579 1299 762 1372 Othonem
782 1300 812 1364 ¹4
844 1301 942 1400 quod
974 1328 1097 1400 speras
1121 1329 1226 1403 posse

216 1427 329 1525 vinci,
353 1453 437 1500 saue
463 1428 554 1499 bene
580 1451 710 1498 narras.
736 1426 789 1496 De
815 1428 1071 1526 aestimatione,
1085 1441 1128 1501 ut
1143 1430 1224 1503 seri·

215 1551 293 1650 bis,
331 1578 440 1652 quum
474 1578 574 1648 agere
610 1553 831 1650 coeperimus
851 1556 896 1623 ¹⁵:
930 1555 996 1625 etsi
1026 1553 1117 1626 nihil
1141 1556 1225 1628 smi-

216 1678 289 1777 psit
304 1681 344 1774 ¹⁶,
361 1680 427 1749 nisi
454 1678 498 1748 de
526 1677 633 1748 modo
661 1679 742 1773 agri.
769 1679 859 1750 Cum
886 1680 1014 1750 Pisone
1028 1694 1068 1778 ¹⁷,
1085 1681 1116 1752 si
1139 1681 1224 1781 quid

217 1804 360 1902 poteris.
566 1901 569 1906 Ι

268 1927 521 2001 3Dicaearchi
562 1925 690 1998 librum
729 1930 872 2027 accepi3
909 1942 944 2000 et
965 1931 994 1978 ¹⁸
1027 1933 1223 2017 καταβάσεως

217 2067 395 2153 exspecto.
688 2135 694 2145 ¹

265 2182 290 2275 4
315 2180 505 2279 Negotium
531 2177 668 2250 dederis
683 2194 725 2275 w,
750 2181 901 2279 reperiet
925 2205 969 2253 ex
993 2205 1037 2253 eo
1061 2179 1170 2281 libro,
1185 2184 1221 2255 iu

214 2332 288 2409 qno
312 2321 394 2379 sunt
420 2304 723 2378 senatusconsulta
748 2305 813 2378 Cn.
839 2304 1023 2402 Cornelio,
1045 2310 1086 2380 h
1111 2308 1223 2380 Mum·

171 2507 182 2518 ,
213 2436 287 2509 mio
314 2432 526 2509 consulibus.
554 2432 608 2505 De
633 2430 815 2504 Tuditano
841 2445 973 2529 autem,
990 2432 1088 2533 quod
1104 2447 1223 2532 putas,

214 2565 333 2655 εὔλογον
358 2575 428 2656 est,
452 2575 529 2631 tum
549 2575 577 2607 ²⁰
604 2557 720 2655 illum,
746 2559 912 2657 quoniam
939 2557 1004 2628 suit
1029 2557 1076 2629 ad
1101 2559 1222 2632 Corin·

213 2685 315 2761 thum
340 2696 441 2772 (non
467 2688 561 2757 euim
595 2699 724 2756 temere
759 2683 847 2754 dixit
871 2684 1127 2782 Hortensius),
1162 2701 1222 2757 aut

213 2826 455 2912 quaestorem,
481 2824 541 2881 aut
569 2809 746 2880 tribunum
773 2807 940 2904 militum5
970 2809 1076 2909 idque
1103 2813 1222 2909 potius

212 2936 318 3009 fnisse
344 2936 459 3008 credo.
486 2936 541 3006 Tu
569 2935 613 3006 de
639 2933 818 3005 Antiocho
844 2938 933 3006 seire
958 2936 1100 3033 poteris.
1127 2934 1221 3007 Vide

212 3063 318 3134 etiam
333 3079 362 3113 ²¹
390 3089 460 3162 quo
487 3087 580 3133 anno
607 3077 787 3161 quaestor,
806 3075 865 3130 aut
885 3061 1044 3132 tribunus
1070 3061 1220 3133 militum

211 3186 324 3260 fiterit
350 3188 386 3259 Si
414 3203 575 3260 neutrum
603 3187 752 3288 quadret
763 3203 805 3284 ²²,
831 3188 867 3256 in
893 3186 1094 3285 praesectis,
1113 3212 1159 3258 au
1184 3188 1221 3257 in

212 3314 520 3387 contubernalibus
547 3315 667 3410 suerit,
693 3314 800 3385 modo
827 3312 929 3384 fuerit
955 3315 993 3385 in
1019 3338 1061 3383 eo
1089 3310 1193 3384 bello.

263 3439 364 3514 5ne
398 3443 559 3515 Varrone
596 3439 849 3540 loquebamur3
886 3437 991 3538 lupus
1024 3440 1061 3510 in
1093 3436 1244 3514 sabula..

210 3564 321 3636 Venit
346 3568 439 3637 enim
466 3567 510 3636 ad
538 3593 608 3661 me,
634 3581 669 3637 et
695 3567 836 3668 quidem
864 3566 902 3638 id
929 3566 1097 3664 temporis
1112 3566 1155 3662 ²³,
1180 3580 1220 3636 ut

210 3693 414 3768 retinendus
439 3708 539 3764 esset.
573 3694 644 3764 Sed
676 3720 740 3793 ego
776 3699 822 3767 ita
857 3698 929 3793 egi,
962 3707 1001 3764 ut
1027 3718 1101 3763 non
1126 3691 1219 3762 sein·

213 3821 330 3893 derem
358 3816 521 3921 penulam
536 3819 575 3888 ²4.
602 3821 745 3893 Memini
771 3824 864 3893 enim
890 3836 989 3892 tuum
1004 3821 1045 3890 ²⁵:
1064 3832 1099 3888 et
1117 3816 1217 3888 multi

212 3963 327 4044 erant,
353 3973 487 4048 nosque
512 3947 684 4045 imparati.
711 3949 806 4041 Quid
833 3947 958 4022 referti
984 3943 1108 4020 Paullo
1134 3956 1216 4045 post
