2648 4822
271 407 345 484 516
643 421 919 475 Ancorarium

274 535 314 613 14
332 531 371 604 Ei
391 529 447 593 bos
467 527 559 589 libros
579 526 741 587 mittamus
764 521 877 585 Ernest

276 639 313 704 td
334 639 430 720 idest,
442 632 554 720 probat
566 629 705 695 macchi
719 641 835 716 partes,
853 648 930 712 quas
943 626 1078 694 Vatmni
1092 624 1297 695 dandam

317 745 495 825 tribuimus3
515 761 561 824 cp.
583 759 649 822 sup.
973 752 976 759 '

276 852 313 923 ιδ
332 853 428 932 Quasi
440 848 549 912 volarit
572 867 590 906 a
611 843 734 921 Caurlo,
754 841 883 903 Lumllo
905 852 937 903 et
956 838 1126 902 Hortensio
1147 839 1191 904 ad
1211 840 1296 903 Cato·

314 981 385 1024 nem
412 968 443 1019 et
462 957 590 1017 Brutum
616 953 715 1037 primo
737 953 804 1033 (cp.
830 947 960 1029 Dcvl),
985 946 1100 1010 deinde
1126 948 1170 1010 ab
1196 947 1245 1011 liis
1262 948 1296 1010 ad

312 1067 484 1132 Varronem
503 1061 568 1145 (ep.
583 1059 693 1142 DCIV,
708 1056 761 1140 3),
782 1066 813 1118 et
832 1075 912 1117 nunc
924 1075 1030 1117 rimus
1044 1053 1085 1116 ad
1099 1054 1296 1140 Bmtumvo·

315 1173 378 1234 lare
404 1174 523 1255 cogitet
548 1168 589 1230 It}
606 1167 657 1229 sui
680 1165 825 1253 similem,
851 1183 913 1225 non
936 1164 1156 1231 confinentem
1176 1175 1210 1226 et
1229 1163 1296 1227 nihil

316 1279 525 1343 affirmantem.
551 1272 678 1339 ama

279 1409 314 1471 ⁸7
335 1387 443 1449 Bosius
465 1406 482 1446 e
502 1383 585 1446 libris
606 1384 667 1446 suis
692 1379 787 1443 edidit
811 1379 910 1441 atritas
933 1387 1015 1465 inas
1033 1377 1160 1462 (opus),
1188 1377 1294 1442 Sadei

313 1515 375 1556 non
401 1495 540 1554 convenit
564 1493 729 1575 quicquam
735 1534 746 1563 ,
774 1486 858 1570 quod
883 1489 946 1548 sine
977 1489 1148 1548 sustantivo
1181 1508 1295 1572 semper

312 1605 450 1689 ponitur3
472 1598 552 1661 unde
566 1596 689 1680 quidam
711 1599 866 1658 coniecere
887 1604 968 1680 tpyw
986 1592 1142 1678 (operis),
1162 1595 1251 1679 quod
1268 1606 1294 1657 et

312 1714 412 1792 ipsum
437 1706 551 1767 durum
578 1717 644 1786 est,
667 1707 710 1765 ait
735 1704 898 1765 Ernestius.
924 1702 959 1763 ln
980 1698 1063 1774 lm»
1085 1701 1188 1765 latere
1215 1713 1294 1788 putat

315 1819 456 1900 δῃωδῶς,
473 1812 643 1896 difficulter,
664 1833 767 1893 aegit,
787 1809 959 1888 Sebuinus,
985 1813 1039 1892 qui
1061 1821 1094 1872 et
1115 1810 1210 1874 aliam
1229 1815 1294 1874 wi.

266 1974 269 1979 .
315 1934 438 2006 pturam
458 1920 593 2005 paullum
618 1922 789 1981 immutavit
814 1918 905 1981 edens
924 1918 1005 1999 Ego
1029 1941 1068 1979 rte
1097 1920 1219 1983 Timeri.
1238 1921 1293 1984 Ab·

317 2028 416 2092 solute
435 2031 567 2114 positum
594 2050 661 2110 ergo
690 2027 830 2116 explanat
854 2026 1025 2089 Emestius:
1054 2029 1217 2111 mittatur,
1240 2031 1292 2103 vel,

315 2138 448 2224 placebit
467 2138 607 2209 varroni,

281 2246 318 2319 18
342 2245 572 2331 Contplcxiones
593 2245 764 2320 verborum,
782 2242 1029 2327 impericiam.
1049 2243 1096 2305 Nc
1110 2246 1224 2309 Tironi
1236 2249 1292 2330 qui

317 2356 388 2417 dem
409 2355 533 2438 dictavi,
554 2357 678 2434 veritus,
699 2374 737 2414 ne
758 2351 908 2435 quaedam
921 2350 1008 2413 aliter
1022 2350 1191 2434 scriberet,
1212 2367 1292 2437 atque

318 2484 375 2544 ego
407 2463 568 2541 dictarem,
593 2465 705 2544 quippe
730 2464 783 2543 qui
809 2460 913 2522 solinu
938 2470 983 2520 est
1009 2469 1109 2521 totam
1138 2462 1291 2544 periodum

317 2583 417 2631 mente
444 2571 618 2653 complecti3
644 2570 698 2631 sed
724 2568 886 2653 Spintharo
912 2567 950 2637 de
977 2568 1073 2628 verbo
1100 2569 1144 2629 ad
1173 2572 1291 2632 verbum

319 2678 473 2763 epistolam
494 2678 534 2740 ad
556 2679 733 2741 Varronem.

719 2921 853 2983 DCXlX.

282 3126 293 3175 ι
318 3106 460 3189 Rutilius,
481 3107 634 3167 Corradus
655 3121 685 3169 et
706 3109 728 3167 l.
749 3109 784 3168 F.
807 3109 978 3168 Gronovius
1000 3108 1217 3188 reponendum
1232 3130 1290 3169 oen·

318 3213 423 3274 rebant
443 3216 477 3275 P.
495 3214 619 3276 Vatinio
641 3238 678 3277 ex
700 3237 767 3298 epp.
783 3215 927 3295 Dxctx3
948 3213 1120 3274 DCXLVll
1137 3227 1169 3276 et
1182 3214 1290 3276 DCLV.

319 3321 431 3383 Contra
452 3343 503 3383 eos
524 3321 681 3404 vulgatum
703 3322 836 3385 defendit
860 3323 1021 3381 Manutius.
1050 3321 1212 3403 Primum,
1232 3326 1291 3406 quia

318 3429 411 3489 verba
425 3433 508 3490 salvo
525 3433 587 3491 iura
601 3447 720 3494 nostrae
734 3433 834 3492 veteris
846 3430 1014 3501 amicitiae,
1037 3439 1068 3489 et
1085 3451 1147 3511 pm
1169 3445 1221 3492 tuo
1234 3452 1292 3515 per-

314 3551 404 3628 petuo
427 3541 457 3598 in
478 3561 525 3599 me
546 3538 644 3599 studio
667 3561 726 3605 non
748 3540 887 3601 videntur
905 3542 936 3608 in
949 3538 1106 3602 Vatinium
1121 3545 1292 3616 convenire3

319 3644 443 3730 deinde,
465 3652 536 3729 quia
558 3648 712 3708 verisimile
733 3668 794 3708 non
815 3647 950 3727 videtur,
972 3646 1049 3705 hanc
1072 3649 1252 3729 epistolam,
1270 3652 1292 3706 in

318 3775 379 3835 qua
407 3756 445 3815 de
471 3750 687 3840 supplicatione
715 3755 836 3817 decreta
863 3755 897 3817 lit
924 3755 1052 3837 mentio,
1080 3755 1121 3815 ad
1146 3757 1292 3822 Vatinium

320 3861 360 3925 de
380 3864 511 3940 Dionysii
532 3864 605 3946 fuga
625 3863 721 3927 multo
743 3875 812 3926 aute
838 3863 1085 3944 supplicationem
1108 3868 1137 3924 ci
1160 3869 1293 3949 cognita,

320 3980 353 4039 ut
374 3973 476 4052 ignota
497 3971 536 4033 de
556 3994 605 4056 re,
626 3975 746 4045 mittum
766 3992 849 4050 “⁸83
875 3974 964 4041 tertio
984 3964 1139 4057 ‹lenique3
1159 3980 1234 4067 quia
1253 3975 1293 4043 hic
