2648 4822
469 458 506 505 ιιι
532 454 723 505 nrrsronrs
1026 431 1096 530 467
1163 480 1165 485 ,

94 559 115 619 8
137 559 249 641 Supple
270 559 324 619 illa
347 558 472 619 Othonis
479 603 490 631 ,
511 570 541 619 et
562 557 620 617 hoe
639 579 696 640 pro
716 560 832 629 hortos,
854 577 930 639 quos
943 557 1027 618 Otho
1044 578 1098 619 eo-

137 668 222 726 heres
243 666 296 726 sibi
318 665 399 726 liceri
419 665 500 747 rult3
521 686 588 748 epp.
609 666 1020 748 Dvall,4etDLx111‚
1041 666 1069 741 4.

94 796 114 854 ῃ
135 774 264 855 Aliquod
284 773 412 833 malitiae
433 792 526 853 genus
546 784 592 833 est
612 773 857 853 excogitandum,
877 783 911 832 ut
932 792 1001 832 suos
1015 771 1099 833 nobis

134 881 236 941 hortos
256 882 373 940 Drusus
394 880 504 941 vendat
524 882 667 962 aequiore
686 883 783 963 pretio
803 880 920 943 Mami.

100 1011 133 1045 ιι)
154 988 209 1069 Ep.
231 989 390 1065 DLXXII,
410 989 437 1047 3.

100 1120 128 1155 ιι
154 1097 209 1177 lip.
230 1097 374 1173 DLXXI,
394 1106 455 1155 not.
478 1117 513 1174 7,
534 1116 580 1176 ep.
602 1116 661 1177 seq.
683 1095 700 1154 3
723 1107 753 1155 et
771 1095 936 1156 DLXXVI.

99 1225 132 1261 ιι
156 1203 322 1283 Herrugius
341 1201 386 1263 ad
406 1223 561 1262 suarmum.

99 1310 132 1369 13
153 1312 341 1392 Receperuut
362 1311 523 1390 Graevius,
549 1309 704 1370 Ernestius
725 1309 796 1369 etl.
818 1309 855 1369 V.
876 1308 1023 1387 Clericus,
1043 1331 1099 1392 pro

134 1428 276 1498 corrupto
298 1417 367 1476 olim
389 1439 441 1478 nec
455 1419 554 1476 artim.
570 1417 725 1477 Schiilzius
740 1428 840 1477 tamen
853 1430 939 1498 negat
955 1415 1098 1478 Carteiae.

135 1524 211 1584 Vide
232 1525 308 1584 Hirt.
330 1524 401 1584 Bell.
423 1525 505 1605 Hisp.
527 1525 575 1583 32.

98 1633 133 1709 14
153 1631 232 1691 idest
252 1634 385 1692 imitator
396 1631 493 1691 Fulvii
509 1631 627 1713 (nescio
641 1635 743 1710 cuius)
762 1633 792 1692 in
813 1632 991 1694 mentiendo.
1012 1632 1099 1693 Mulli

132 1759 198 1798 mss.
226 1738 338 1798 habent
365 1739 570 1798 Fulriniaster.
601 1739 771 1800 Gronovius
797 1739 972 1800 coniiciebat
996 1738 1100 1822 legen·

83 1892 95 1917 ,
133 1846 205 1906 dum
226 1851 426 1930 ψιιιδομὶρτνρ.
447 1845 565 1907 Schritz.

98 1954 132 2014 15
152 1953 229 2013 Edd.
250 1953 324 2013 lens.
345 1951 413 2013 Aldi
434 1964 464 2014 et
484 1952 574 2014 Herv.
595 1955 703 2030 habes,
726 1956 822 2028 mitte,
844 1977 882 2016 ex
904 1954 1007 2036 glossa.

98 2059 133 2120 16
152 2060 209 2142 Ep.
230 2060 358 2139 DLXll,
379 2060 408 2120 6.

519 2327 669 2388 DLXXV.

98 2616 106 2651 ι
133 2595 210 2654 Suul
224 2594 287 2653 duo
301 2572 368 2654 lib'u
383 2595 639 2656 Academicorum.
656 2594 766 2654 Confer
780 2594 820 2654 ad
831 2597 891 2654 riti.
909 2596 957 2676 ep.
972 2594 1065 2674 DCV,
1087 2615 1096 2654 ι

130 2702 248 2761 Srlu'iiz.

92 2830 109 2868 2
130 2810 186 2890 Ep.
207 2811 349 2892 fluxui,
375 2832 385 2869 ι
411 2821 441 2870 et
463 2811 490 2869 3.

91 2919 109 2976 3
131 2916 292 2999 Torpedo,
312 2938 372 2998 qua
392 2920 548 3000 scripserat
569 2937 600 2976 se
621 2916 759 2977 laborare
780 2919 902 2976 Atticus.

20 3006 24 3013 ⁵
90 3024 180 3099 iSic
204 3024 309 3085 melius
336 3024 403 3086 edu
430 3046 477 3107 pr.
504 3045 574 3085 cum
595 3024 674 3085 Aldo
699 3035 729 3086 et
754 3023 901 3085 Schiitzio.
929 3024 1029 3105 l'ulgo
1049 3047 1099 3084 ce·

131 3132 252 3213 remqui.

91 3237 262 3318 5Vuluus,
283 3238 407 3318 scilicet,
428 3260 466 3298 ex
486 3249 584 3298 morte
610 3239 736 3300 Tulliae.
764 3238 825 3300 Sed
853 3258 948 3319 quare
974 3241 1003 3297 in
1030 3238 1097 3297 Tu·

131 3345 251 3405 sculano
271 3349 384 3429 polius,
408 3367 499 3427 quam
526 3345 660 3408 Romae?
683 3346 718 3407 ld
738 3347 806 3409 vide
834 3368 881 3430 ep.
910 3367 969 3428 aeq.
998 3347 1096 3405 Grae-

131 3455 196 3512 vius
221 3453 391 3536 corrigebat
420 3475 498 3514 nunc
528 3455 603 3515 haec
622 3489 663 3500 -
682 3468 805 3536 angen&
834 3453 917 3536 quod
942 3452 1097 3512 Schiitzius

133 3558 291 3639 adoptavit.

92 3662 113 3722 6
132 3663 227 3744 Eum,
247 3670 296 3746 qui
318 3670 348 3728 in
368 3667 476 3728 eodem
496 3668 608 3750 templo
629 3669 743 3731 colitur.
765 3671 879 3730 Atticus
900 3669 1025 3728 domurn
1041 3663 1098 3723 ha·

131 3769 223 3832 bebat
243 3775 272 3832 in
292 3774 375 3834 Colle
396 3774 553 3853 Quirinali.
575 3777 609 3837 ln
630 3777 738 3840 eodem
760 3789 790 3837 et
809 3778 929 3855 Quirini
951 3771 1097 3855 templum

133 3891 209 3958 erat,
224 3891 253 3939 et
266 3881 374 3941 Salutis
391 3882 492 3964 aedes,
514 3904 559 3965 ep.
582 3887 768 3964 LXXXVII,
788 3908 810 3945 ι.
833 3886 867 3944 ln
886 3883 1004 3962 Quirini
1026 3890 1100 3939 tem·

138 3988 188 4069 plo
208 3999 304 4050 statua
325 3989 458 4053 Caesaris
476 3995 573 4074 posita
597 4006 669 4056 erat.
697 3994 770 4056 lude
795 4013 864 4055 eum
885 3991 991 4052 Cicero
1011 3986 1099 4049 attici
