2648 4822
223 422 297 522 394
578 443 748 495 mamm
774 442 880 491 nem.
1002 442 1033 491 Α.
1050 443 1085 492 v.
1102 443 1132 495 α
1153 442 1204 506 70⁸

221 546 328 619 velim
353 546 457 643 scire,
482 545 570 648 quid
594 547 641 619 sit
666 571 802 619 causae.
820 584 872 603 ·-
887 545 1001 642 Quia,
1026 544 1112 619 dum
1132 544 1237 621 dubi·

221 671 341 747 tabam
366 698 473 774 quam
499 670 664 745 ducerem
679 676 706 770 ⁶,
730 696 805 744 non
831 669 1086 744 satisfaciebam
1105 674 1238 770 matri3

221 798 270 873 ita
295 822 340 871 ne
364 797 415 870 ilii
442 796 595 901 quidem.
620 796 724 872 Nunc
749 797 838 870 nihil
861 795 946 868 mihi
966 798 1056 869 tanti
1073 811 1138 870 est.
1164 797 1233 871 Fa-

221 923 330 1027 ciam,
356 923 455 1026 quod
465 923 609 999 Nolunt
636 965 686 980 -
710 922 900 997 Feliciter⁷
919 921 1043 1019 velim,
1067 923 1235 1024 inquam,

220 1062 326 1153 teque
357 1047 473 1126 laudo.
507 1049 577 1124 Sed
610 1048 777 1153 quando?
802 1091 853 1109 -·
877 1046 974 1123 Nihil
999 1047 1047 1120 ad
1071 1073 1147 1149 me,
1177 1050 1235 1122 in·

222 1176 315 1278 quit,
341 1174 386 1249 de
411 1190 590 1276 tempore,
623 1177 793 1279 quoniam
826 1201 902 1250 rem
925 1173 1041 1277 probo
1058 1177 1084 1246 ⁸.
1110 1216 1161 1232 --
1184 1176 1236 1250 At

220 1325 304 1402 ego,
336 1303 498 1404 inquam,
530 1327 657 1376 censeo
691 1305 805 1403 prius,
839 1328 945 1404 quam
974 1301 1234 1402 proficiscaris:

221 1428 270 1502 ita
296 1430 389 1528 patri
415 1454 555 1531 quoque
580 1454 714 1502 morem
741 1429 894 1527 gesseris.
920 1470 970 1484 -
995 1428 1156 1526 Faciam,
1181 1427 1236 1499 in·

221 1555 312 1654 quit,
337 1569 378 1627 ut
402 1580 533 1629 censes.
550 1591 601 1612 ·-·
617 1555 686 1628 Hie
709 1554 871 1653 dialogus
888 1555 940 1626 sio
957 1551 1144 1628 conclusus
1167 1566 1233 1627 est

272 1706 294 1755 2
321 1680 391 1755 sed
417 1680 503 1755 heus
529 1694 586 1780 tu,
611 1681 705 1755 diem
723 1698 872 1755 meum9
888 1681 956 1754 seis
973 1705 1049 1754 esse
1066 1678 1119 1753 III
1136 1677 1234 1753 Non.

218 1803 304 1877 Ian..
319 1804 444 1878 Aden's
470 1806 584 1904 igitur.
664 1806 681 1823 ”

270 1930 293 2003 3
320 1930 535 2030 Scripseram
560 1933 645 2004 iam:
672 1955 755 2004 ecce
780 1931 866 2029 tibi,
888 1945 967 2005 orat
989 1929 1165 2030 Lepidus,
1190 1941 1234 2000 ut

219 2056 359 2129 veniam
379 2072 417 2126 ¹⁰.
445 2058 601 2157 Opinoi,
627 2082 774 2156 augures
799 2056 888 2129 nihil
913 2056 1043 2129 habere
1070 2054 1116 2127 ad
1144 2066 1235 2125 tem·

218 2176 318 2279 plum
341 2181 519 2257 effandum
534 2200 573 2257 ¹¹.
590 2185 718 2259 Eatur:
746 2188 817 2277 μίας
834 2184 942 2282 κάρδον
957 2199 996 2254 ¹².
1015 2178 1232 2255 Videbimus

219 2317 256 2379 te
281 2306 395 2405 igitur.
