2648 4822
220 391 292 484 248
488 409 664 461 memnoni
692 412 793 483 nxcv,
820 370 935 459 nxovi.
1005 411 1082 463 nv.
1100 414 1129 462 c.
1148 412 1196 477 ,οε

237 567 241 573 -
270 516 291 588 3
318 512 435 584 Velim
462 526 542 585 ante
569 513 682 611 possis
699 516 732 610 ⁶3
760 515 789 584 si
815 514 946 609 miuus,
970 514 1092 614 utique
1118 515 1223 589 simul

219 641 343 736 simus,
372 666 480 739 quum
509 640 638 711 Brutus
665 640 781 710 veniet
805 640 842 710 in
868 638 1116 712 Tusculanum.
1143 642 1221 714 Ma·

220 767 278 864 gni
303 768 448 838 interest
471 791 566 864 mea,
590 790 660 836 unu
685 789 750 836 nos
777 790 860 837 esse.
887 764 981 838 Scies
1007 780 1139 864 autem,
1160 768 1222 866 qui

221 891 293 963 dies
319 893 347 963 is
373 891 508 963 iuturus
534 891 596 987 sit,
627 891 656 962 si
686 908 827 989 puero?
854 892 1033 987 negotium
1059 891 1222 986 dederis,

221 1029 259 1088 ut
285 1031 437 1117 quaerat.

634 1267 797 1342 DXCVI.
945 1307 1000 1366 (m
1015 1307 1065 1354 in.
1080 1306 1151 1366 1111,
1165 1307 1197 1361 s)

201 1503 203 1506 Α
220 1448 439 1525 Argumentum.
457 1466 467 1504 1
484 1445 532 1504 De
546 1444 658 1527 Spurio
671 1446 821 1505 Mummio
835 1443 935 1505 fratris
948 1443 1063 1524 iegat03
1079 1463 1107 1514 2,
1119 1444 1137 1503 3
1152 1442 1221 1504 bre·

259 1554 337 1613 viter
357 1552 394 1611 de
415 1552 479 1611 aliis
499 1549 603 1622 rebus,
618 1554 648 1611 in
663 1553 768 1634 primis
782 1551 820 1613 de
831 1549 1006 1611 nominibus
1020 1549 1220 1633 expediendis.

271 1755 323 1809 Sor.
341 1756 368 1806 in
386 1754 533 1808 Tusculano
551 1754 580 1807 d.
598 1753 632 1805 V.
649 1753 679 1809 C.
697 1756 849 1824 DCCVHI,
867 1774 891 1809 a.
909 1756 935 1809 d.
953 1755 1005 1810 Vll
1023 1754 1061 1807 td.
1080 1755 1173 1824 Quint.

532 1950 676 2017 CICERO
701 1952 851 2015 ATTICO
876 1954 906 2015 S.

276 2166 289 2212 1
320 2141 378 2239 Sp.
403 2140 610 2212 Mummium
631 2153 793 2238 putaram
809 2140 846 2210 iu
865 2138 987 2212 decem
1002 2138 1125 2238 legatis
1142 2141 1224 2215 tuis-

221 2292 258 2339 se
274 2282 296 2337 ¹:
321 2265 384 2338 sed
409 2265 572 2338 videlicet
597 2274 731 2362 etiayn,
749 2264 847 2338 fratri
863 2265 968 2338 fuisse
984 2280 1009 2338 ².
1027 2266 1111 2339 Fuit
1128 2269 1223 2340 enim

221 2391 268 2466 ud
293 2390 511 2465 Corinthum.

271 2547 291 2592 2
319 2520 398 2591 Misi
424 2519 488 2590 tihi
513 2519 733 2619 Torquatum
747 2520 771 2588 ³.
797 2515 1005 2617 Colloquere
1022 2531 1061 2590 tu
1079 2518 1223 2619 quidem

221 2670 302 2717 cum
328 2644 429 2741 silio,
454 2658 494 2716 ut
519 2644 659 2741 scribis,
685 2658 720 2714 et
744 2669 837 2740 urge.
874 2641 974 2715 Elam
1007 2643 1135 2715 diemi
1160 2671 1224 2716 ne·

220 2767 326 2866 gabat
350 2794 425 2841 esse
450 2794 569 2841 meuse
595 2769 708 2866 Maio,
732 2768 837 2841 istam
862 2794 936 2842 non
962 2770 1121 2867 negabat.
1152 2770 1224 2843 Sed

219 2907 276 2990 tu,
300 2906 341 2965 ut
366 2895 500 2990 omnia,
531 2895 621 2966 istuc
655 2919 794 2994 quoque
829 2921 910 2992 ages
944 2893 1134 2993 diligenter.
1170 2897 1224 2972 De

219 3017 346 3117 Crispo
372 3032 408 3089 et
433 3018 581 3092 Mustela
600 3021 626 3117 ⁵,
652 3017 798 3118 scilicet,
824 3048 932 3122 quum
959 3020 1043 3121 quid
1069 3023 1188 3119 egens.

270 3142 293 3214 3
320 3143 495 3234 Quoniam
522 3145 567 3217 nd
591 3147 692 3219 Bruti
718 3145 910 3219 adveutum
935 3146 1009 3219 fore
1042 3161 1076 3219 te
1103 3147 1223 3220 nobis·

221 3292 301 3340 cum
326 3268 515 3369 polliceris,
540 3273 622 3343 satis
648 3286 716 3369 est3
737 3274 941 3372 praesertim
968 3300 1077 3372 quum
1102 3272 1140 3343 hi
1158 3271 1223 3344 tibi

222 3390 358 3468 diesin
382 3423 510 3494 magno
535 3411 656 3471 nostro
683 3400 858 3496 negotio⁶
884 3412 1143 3471 consumantur.
