2648 4822
542 434 580 484 ut
606 432 796 484 assarones
1098 409 1172 487 503

169 524 313 602 illicere
336 525 407 587 licet
431 524 525 588 verbo
551 526 757 611 philosophico
785 525 1170 608 incomprehensibilitatem.

205 633 368 696 hrcoeilaus
383 632 464 695 *nihil
491 637 614 695 omnino
640 632 851 716 comprehendi
877 654 964 718 posse
988 634 1170 699 adserumat.

206 739 347 803 &hamb
368 743 416 802 De
435 741 581 802 Antiocho
602 740 670 804 vide
691 762 737 824 ep.
759 741 865 801 DCVI.

164 843 187 907 5
207 846 352 909 Ciceronis
371 858 517 934 spicam
536 848 576 908 ob
597 849 629 910 id
647 848 770 910 tortasse
785 852 873 930 sapis
888 847 1043 930 (mutum)
1054 848 1170 928 fuisset,

205 957 285 1038 quod
306 959 422 1017 vivente
439 957 472 1016 C.
487 956 575 1017 Cotta
591 957 696 1018 Cicero
716 958 815 1015 iunior
835 966 913 1033 erat,
934 977 1025 1037 quam
1046 968 1081 1017 ut
1102 979 1171 1018 cum

206 1083 256 1140 eo,
270 1075 301 1125 et
315 1065 354 1125 M.
370 1063 508 1125 Varrone
523 1063 562 1125 de
576 1063 763 1147 philosophia
777 1063 939 1145 disputasse
954 1064 1048 1124 videri
1062 1075 1170 1147 posset.

112 1190 117 1197 ’
209 1169 330 1233 Corrad.
351 1172 468 1232 Revera
490 1173 523 1232 C.
545 1169 684 1232 Aurelius
706 1171 792 1230 Cotta
814 1181 916 1231 orator
934 1182 964 1231 et
977 1171 1171 1254 philosophus

204 1278 389 1340 academicus
410 1278 597 1340 consulatum
620 1281 699 1360 cepit
719 1280 753 1338 A.
775 1277 812 1337 V.
833 1279 866 1338 C.
888 1275 1116 1361 DCthlVlll,
1135 1299 1171 1339 ac

204 1387 328 1470 proinde
349 1386 509 1447 duodecim
530 1389 613 1447 amris
635 1397 717 1467 ante,
738 1394 830 1466 quam
857 1386 964 1447 Cicero
984 1386 1089 1469 (Brut
1110 1388 1172 1470 49,

204 1491 260 1570 88,
280 1491 335 1578 89,
361 1492 437 1577 90),
464 1505 495 1555 et
515 1494 682 1554 Varronem
710 1496 793 1553 annis
819 1493 859 1554 ad
884 1496 1043 1554 minimum
1066 1495 1170 1556 XXVl

204 1611 277 1661 natu
298 1604 441 1661 maiorem
463 1601 551 1661 fuisse
572 1600 737 1683 colligimus
758 1622 792 1661 ex
811 1604 878 1684 ipso
890 1602 1028 1662 Varrone
1048 1603 1083 1662 R.
1104 1602 1169 1662 R.l

203 1719 233 1769 et
256 1709 306 1768 lll.
328 1708 473 1769 Videmus
493 1708 614 1791 quidem
636 1719 667 1770 et
686 1730 765 1769 nunc
779 1710 954 1769 Ciceronem
969 1708 1170 1790 disputantem

202 1836 270 1876 cum
292 1816 444 1899 Varrone,
465 1817 519 1877 sed
539 1819 593 1896 ita,
614 1828 649 1877 ut
669 1817 745 1877 alter
758 1837 796 1877 ex
810 1816 1043 1900 disputantibus,
1060 1838 1168 1901 nempe

201 1924 330 1999 Atticus,
351 1924 481 2006 aequalis
502 1927 539 1984 sit
552 1924 703 2003 Ciceroni,
724 1935 874 2011 etpartes
888 1946 953 2004 eas,
973 1945 1082 2008 nempe
1095 1925 1169 1986 Phi-

200 2030 294 2109 lonis,
314 2032 368 2092 sibi
390 2033 564 2094 Ciceronem
585 2036 744 2116 sumsisse,
769 2050 848 2114 quae
868 2036 1041 2116 victoriam,
1060 2046 1094 2095 ut
1114 2034 1169 2095 de-

201 2160 305 2199 corum
327 2146 409 2218 erat,
427 2143 616 2223 competitori
636 2160 692 2200 suo
711 2151 785 2200 natu
806 2141 957 2221 grandiori
977 2154 1168 2225 pepererunt.

159 2244 181 2307 6
202 2246 268 2307 Hoc
288 2257 347 2330 est,
367 2251 427 2308 vita
448 2251 508 2308 iam
530 2248 638 2308 functis
656 2269 689 2307 se
710 2267 822 2329 puero,
841 2247 890 2309 vel
910 2247 1000 2308 eliam
1016 2256 1169 2310 annuato.

160 2376 179 2434 7
201 2355 234 2414 ln
261 2376 323 2437 quo
341 2357 389 2417 ‘ita
416 2354 606 2438 disputatur,
630 2365 666 2415 ut
686 2356 750 2415 eius
770 2359 928 2438 sententia,
948 2358 1000 2436 qui
1020 2356 1101 2418 illam
1121 2357 1170 2418 di·

199 2465 399 2545 sputationem
422 2462 539 2542 scribit,
564 2465 729 2546 principem
754 2461 854 2523 locum
880 2463 1023 2525 obtineat.
1050 2465 1168 2527 Manus

197 2570 419 2631 Aristotelicum
445 2591 581 2652 morem,
607 2589 670 2652 quo
696 2569 807 2631 scilieet
832 2572 863 2630 in
889 2549 1011 2654 dialdgis
1031 2593 1104 2634 usus
1123 2583 1170 2634 est

198 2678 419 2762 (Aristoteles),
440 2681 491 2761 qui
513 2681 571 2738 iam
592 2678 666 2738 nulli
682 2689 760 2738 sunt.
783 2679 842 2762 lpsi
856 2698 916 2739 non
930 2682 998 2740 satis
1011 2680 1169 2766 placuere,

197 2789 278 2847 etin
299 2786 419 2869 dialogo
439 2785 570 2847 scribere
594 2785 699 2870 desiit,
725 2785 809 2870 quod
835 2807 965 2869 aequare
985 2788 1117 2850 Platonis
1137 2800 1169 2851 et

196 2894 403 2977 Xenophontis
428 2897 544 2977 copiam
570 2903 601 2954 et
626 2905 815 2956 venustatem
838 2916 899 2956 non
924 2907 1044 2980 posset,
1071 2900 1167 2980 iisque

173 3033 176 3039 ·
197 3002 274 3063 adeo
294 3014 531 3085 postponeretur.
546 3002 667 3065 ‚Ernest

156 3107 177 3171 8
196 3109 252 3194 Ep.
272 3106 387 3192 DCVl,
413 3130 436 3168 ι.
457 3110 529 3170 Sine
547 3108 629 3169 libris
649 3109 830 3188 Lambinus,
850 3121 881 3172 et
900 3113 962 3172 sine
976 3114 1165 3174 necessitate:
1209 3120 1212 3130 '

172 3262 175 3270 .
195 3216 397 3294 Academica,
417 3229 450 3277 ut
467 3215 543 3298 scis,
563 3237 642 3298 quae
662 3219 694 3277 in
717 3215 869 3300 Caedunt,
889 3217 1064 3302 Mullum,
1085 3215 1168 3281 Hor-
1194 3282 1204 3305 ,

196 3326 320 3385 tensium
340 3322 540 3403 contuleram,
560 3344 633 3384 sarae
654 3334 710 3398 eta

154 3452 176 3515 9
194 3431 273 3493 Edd.
292 3452 338 3514 pr.
358 3431 472 3493 habent
490 3451 602 3514 easque
618 3445 737 3512 partem
757 3432 841 3514 quod
855 3433 1040 3510 Gronovius,
1061 3454 1097 3492 ac
1111 3454 1169 3494 nu·

193 3560 249 3623 per
268 3541 452 3602 Goerenzius
472 3538 512 3599 ad
533 3539 593 3599 Cic.
614 3539 705 3599 head
727 3540 820 3624 praefi
838 3562 867 3624 p.
887 3561 920 3620 ¹7
935 3540 1166 3624 praeferendum

192 3646 321 3730 putabat
346 3646 610 3730 (intelligebatquc
630 3647 838 3729 Antiochinas,
858 3668 937 3732 quas
957 3628 1085 3708 Varroni
1110 3647 1167 3708 da·
1223 3679 1235 3706 ι

193 3765 243 3816 tae
263 3759 356 3834 sunt).
378 3756 439 3816 Sed
460 3775 564 3816 verum
592 3766 637 3815 est
662 3778 811 3839 areasque.
837 3753 990 3836 Significat
1015 3756 1093 3814 enirn
1115 3755 1165 3815 Ci-

194 3883 279 3946 cero,
299 3883 331 3924 se
351 3863 480 3925 Varroni
501 3863 708 3942 Antiochinas,
727 3863 784 3926 sibi
804 3873 906 3939 autem
926 3861 1058 3922 Philonis
1080 3864 1165 3944 (epp.
1270 3935 1280 3949 Ι

195 3960 351 4051 CXCVll,
373 3990 392 4030 a
413 3980 444 4031 et
462 3970 605 4035 DCXVll
625 3970 726 4055 med.)
745 3982 846 4057 partes
868 3969 1023 4053 hiberiae,
1045 3979 1081 4032 ut
1103 3989 1166 4030 aon
1190 4055 1198 4064 Ι
