2648 4822
164 424 212 523 76
499 436 667 486 artsronx
694 438 819 485 nxxxv.
939 435 971 485 A.
987 438 1022 487 v.
1040 440 1069 487 c
1086 436 1131 501 qu

161 547 302 649 quidem
328 544 364 617 id
383 559 411 594 ¹⁰
437 540 548 613 multo
574 542 682 637 magis
707 552 845 637 movet,
872 540 970 639 quod
994 540 1081 614 mihi
1105 556 1152 617 est

161 688 198 746 et
222 674 374 745 sanetius
412 684 448 741 et
484 669 680 767 antiquius,
717 666 920 766 praesertim
954 692 1064 767 quum
1088 667 1151 741 hoc

161 801 308 875 alterum
327 816 355 851 ¹¹
382 822 496 898 neque
522 796 712 892 sincerum,
732 818 846 894 neque
872 793 1011 867 firmum
1036 807 1152 893 putem

160 926 242 999 lore.

549 1170 761 1245 DXXXVI.
876 1210 930 1269 (xa
945 1210 998 1257 arr.
1014 1212 1073 1271 xx,
1086 1212 1131 1269 ω)

158 1353 376 1431 Argumentum.
402 1371 411 1407 t
437 1348 609 1429 Respondet
629 1348 717 1407 attici
740 1345 847 1416 literis,
860 1346 1011 1427 inprimis
1032 1346 1071 1405 ad
1091 1349 1150 1406 eius

198 1456 422 1526 hortationem,
451 1466 486 1513 ut
513 1476 544 1513 se
570 1464 630 1513 tum
657 1453 788 1533 graviter
808 1451 910 1511 dolere
934 1450 1150 1523 dissimularet.

200 1584 218 1621 2
238 1574 268 1622 et
288 1563 405 1641 aliquot
425 1563 612 1642 quaestiones
633 1557 788 1618 historicas
808 1561 835 1617 ci
857 1561 1011 1640 proponit.

233 1768 287 1817 Ser.
304 1766 412 1818 Asturae
431 1768 459 1816 Δ.
478 1765 510 1817 V.
529 1765 558 1817 C.
576 1763 745 1831 DCCCVlll,
763 1764 886 1834 postridie
903 1782 981 1834 quam
998 1780 1084 1835 super.

468 1962 611 2026 CICERO
636 1962 786 2025 ATTICO
811 1962 842 2025 S.

212 2204 223 2249 1
254 2175 422 2249 Nondum
454 2176 583 2247 videris
616 2176 833 2275 perspicere,
867 2202 972 2275 quam
1006 2203 1064 2249 me
1087 2202 1148 2251 nec

158 2302 332 2374 Ailtonius
351 2302 595 2399 commoverit,
611 2326 677 2373 trec
695 2301 881 2400 quicquam
897 2302 967 2373 iam
984 2302 1150 2377 eiusmodi

156 2429 266 2527 possit
292 2454 523 2501 commovere.
549 2428 602 2499 De
627 2428 791 2498 Terentia
818 2440 934 2498 autem
959 2427 1083 2527 scripsi
1107 2426 1149 2501 ad

157 2567 191 2625 tc
216 2556 257 2626 iis
283 2554 407 2655 literis,
433 2582 518 2655 quas
546 2554 710 2625 dederam
737 2552 859 2651 pridie.
877 2552 986 2643 Quod
1003 2580 1059 2625 mc
1077 2554 1151 2627 lior·

156 2680 255 2777 taris,
280 2679 385 2780 idque
411 2708 430 2751 a
457 2681 580 2751 ceteris
607 2677 796 2749 desiderari
822 2677 961 2777 scribis,
988 2692 1030 2751 ut
1056 2680 1150 2755 dissi-

155 2802 285 2873 mulem
309 2830 365 2875 me
391 2818 464 2875 tam
490 2804 640 2901 graviter
665 2803 801 2902 dolere,
819 2830 1009 2903 possumne
1026 2808 1149 2906 magis,

156 2929 215 3027 qui
242 2941 334 3000 totos
361 2928 434 3000 dies
451 2946 462 2979 ¹
490 2954 657 3001 consumo
675 2930 712 3001 in
728 2927 856 3002 literis?
873 2930 981 3021 Quod
998 2933 1064 3005 etsi
1081 2956 1150 3005 non

156 3051 461 3152 dissimulationis,
498 3054 561 3127 sed
598 3056 716 3155 potius
749 3054 904 3129 leniendi
935 3071 972 3129 et
1006 3058 1150 3131 sanandi

154 3178 260 3247 animi
286 3204 389 3251 eausa
414 3181 519 3254 sacio:
547 3196 680 3279 tamen,
705 3183 734 3253 si
760 3183 844 3254 mibi
862 3182 976 3256 minus
993 3185 1148 3285 proficio,

153 3302 366 3377 simulationi
394 3322 486 3379 certe
511 3307 601 3380 socio
627 3309 711 3380 satis
732 3324 756 3379 ².

204 3456 223 3498 2
250 3431 365 3503 illinus
389 3433 497 3505 multa
516 3433 561 3505 ad
580 3448 613 3505 te
630 3435 770 3533 scripsi,
787 3433 883 3534 quod
901 3436 1148 3534 exspectabam

152 3565 230 3623 tuas
255 3552 371 3628 literas
397 3558 442 3629 ad
468 3585 549 3657 eas,
583 3586 668 3659 quas
702 3559 747 3631 ad
776 3573 810 3631 te
836 3560 949 3659 pridie
975 3561 1147 3637 dederam.

151 3678 408 3777 Exspectabam
444 3698 561 3756 autem
598 3686 747 3757 masline
785 3684 829 3757 de
858 3686 957 3785 lano,
988 3686 1148 3763 nonnihil

153 3803 257 3875 etiam
296 3805 340 3878 tle
370 3806 541 3883 Terentia.
575 3810 691 3883 Velim
728 3837 785 3884 me
821 3812 926 3886 facias
964 3816 1148 3890 certiorem

152 3930 319 4026 proximis
351 3932 484 4035 literis,
521 3937 584 4011 Cn.
618 3938 772 4039 Caepio,
809 3938 974 4015 Serviliae
1011 3938 1147 4017 Claudii
