2648 4822
381 465 394 484 ²
438 532 440 537 .
543 495 581 540 nr
608 491 798 541 crreroms
1102 467 1177 571 509

167 591 210 655 26
229 593 274 653 lto
294 590 484 653 scribendum
511 604 575 653 eret
602 614 656 675 pro
681 592 761 676 vulg.
783 590 855 653 Kal.
881 592 965 653 Sext.
992 591 1101 654 Confer
1128 615 1174 677 ep.

207 681 488 781 Domuum.
509 699 537 758 3.
558 699 639 761 Vere
659 699 769 761 Caesar
789 699 878 761 rediit
898 698 938 759 nd
961 698 1071 760 urbem
1091 702 1175 762 initio

208 809 315 867 mensis
337 805 485 866 Octobris.
507 806 626 867 Sclriitz.

167 933 207 995 ²7
228 912 329 993 Vulgo
349 913 438 974 lecim
451 934 490 974 ac
504 914 618 986 leniue,·
633 914 717 996 quod
730 916 790 974 iam
803 911 968 974 Lambinus
981 923 1050 975 ante
1064 912 1174 976 Schiitn

207 1020 325 1082 delevit.
346 1020 438 1104 Quod
456 1021 563 1093 uvius,
585 1022 645 1082 scil.
667 1021 792 1082 laboret.

167 1125 391 1190 artnentum
417 1148 510 1212 proco
531 1128 618 1189 alicui
646 1127 870 1212 despondenda.
899 1127 1018 1189 Sclu'itz.
1045 1127 1173 1189 Dubitat

206 1236 405 1317 Mongnltius3
420 1238 517 1297 Attica
537 1239 616 1296 enim
634 1236 769 1297 nondum
791 1246 857 1296 erat
875 1246 947 1318 epte
966 1238 1046 1318 vim,
1066 1246 1172 1318 utpote

206 1346 286 1404 circe
300 1346 334 1403 A.
349 1344 387 1406 V.
403 1343 436 1404 C.
449 1343 559 1405 DCCll
581 1355 668 1425 natn3
693 1365 739 1426 ep.
755 1343 880 1425 CCXX,
893 1344 922 1420 4
942 1343 992 1404 Fit
1004 1353 1104 1404 temen
1118 1344 1173 1404 ali-

205 1450 343 1534 quando,
363 1462 399 1512 ut
419 1451 544 1513 infantes
565 1454 654 1513 etiem
677 1451 900 1535 desponsentur¹
915 1451 962 1513 vel
982 1463 1105 1535 propter
1124 1453 1173 1512 fu·
1294 1472 1296 1474 ’

205 1569 304 1619 turam
326 1559 537 1636 hereditatem,
557 1559 604 1621 vel
625 1559 682 1620 ulio
703 1559 741 1620 de
762 1580 859 1620 cause.
981 1603 983 1606 ι

164 1683 207 1749 29
226 1666 288 1746 Eu,
308 1688 387 1748 quae
407 1670 492 1728 novi:
514 1668 679 1750 hominem,
699 1678 802 1750 operte
815 1677 964 1750 repugnat
977 1686 1057 1747 seqq.
1074 1667 1173 1748 ipsum

204 1794 263 1833 nou
283 1776 358 1835 novi.
388 1777 499 1836 iccirco
526 1775 681 1836 Schiitzius
707 1778 833 1836 mutarit
858 1795 912 1848 ea,
938 1794 1018 1858 quae
1044 1775 1113 1835 novi
1130 1808 1172 1820 -

203 1903 316 1943 nomen.

112 1997 113 2001 ’
163 1989 204 2051 ³0
224 1992 250 2051 A
270 1988 382 2053 scrofa.

595 2097 733 2159 Dcxtv.

165 2331 177 2372 ι
202 2313 290 2391 Quae
310 2309 423 2372 videbis
443 2332 490 2394 ep.
511 2309 685 2392 DCXVlll,
710 2331 734 2372 r.
759 2309 883 2373 Corrud.

160 2439 180 2480 2
201 2420 248 2481 De
267 2418 399 2481 Marcelli
420 2418 558 2502 interitu}
579 2440 645 2502 epp.
665 2418 768 2498 nell,
788 2417 809 2481 5
830 2432 860 2481 et
880 2418 1017 2481 DLXVl.

161 2526 280 2589 aEdd.
301 2528 357 2589 Ro.
379 2538 410 2588 et
430 2526 499 2588 Aldi
525 2525 581 2589 sed
605 2548 643 2588 ea
669 2527 754 2588 timui
760 2551 771 2599 ,-
798 2527 934 2610 explano:
961 2527 1015 2588 sed
1041 2548 1077 2588 ee
1104 2538 1170 2590 tum

198 2635 280 2696 malo
295 2634 374 2696 foras
388 2635 462 2696 dari.
484 2635 612 2696 Mutavit
624 2637 683 2695 inm
696 2635 856 2696 Victorius.
878 2635 967 2697 Redit
984 2635 1023 2696 cd
1036 2657 1116 2714 rem,
1130 2636 1169 2698 de

160 2769 165 2777 ¹
200 2763 261 2825 qun
274 2763 365 2825 snpra
378 2753 495 2824 egerat,
508 2741 594 2825 qnod
607 2745 735 2826 Atticus,
750 2764 781 2804 se
798 2745 906 2822 invito,
919 2743 1067 2827 quaedam
1081 2764 1120 2805 ex
1133 2743 1169 2804 li·

198 2848 260 2910 bris
281 2850 320 2911 de
339 2850 464 2912 Finibus
491 2849 647 2934 edidisse13
671 2872 718 2935 ep.
740 2872 804 2935 sup.
826 2850 846 2912 5
867 2850 952 2933 etti,
973 2863 1007 2913 ut
1027 2851 1168 2914 nitidem

198 2957 360 3019 Victorius.

158 3065 181 3142 4
198 3064 240 3125 Et
258 3064 317 3125 hoc
338 3067 464 3128 mutavit
483 3065 651 3150 Victorius;
672 3087 855 3149 quemquern
878 3078 908 3128 et
928 3065 995 3127 libri
1016 3077 1085 3129 vett
1108 3069 1167 3128 iam

198 3170 358 3233 hebebant.
380 3172 436 3233 Alii
457 3172 527 3232 olim
548 3185 598 3232 sat
606 3173 796 3255 faciendum.
1043 3177 1066 3193 ²

157 3279 178 3340 5
198 3281 335 3341 Fortasse
356 3283 525 3341 inchoatum
547 3284 661 3361 scripsit
682 3282 787 3342 Cicero
808 3304 864 3365 pro
884 3284 957 3343 mdc
979 3283 1025 3344 rel
1046 3283 1167 3366 impoli·

198 3401 274 3458 tum3
293 3386 395 3448 confer
416 3410 462 3472 ep.
483 3409 549 3471 sup.
570 3387 599 3449 5.

156 3494 177 3556 6
197 3495 356 3556 Debitores
377 3517 395 3556 n
415 3518 465 3558 me
484 3495 538 3558 tibi
559 3500 736 3580 assignatos,
756 3499 840 3580 quod
861 3496 993 3581 flagites,
1019 3508 1055 3558 ut
1074 3517 1168 3579 pecu·

195 3605 277 3662 niem
297 3615 476 3687 numerent,
499 3626 560 3688 que
585 3605 624 3664 ad
651 3604 711 3664 fani
732 3604 967 3666 aedificationem
989 3605 1033 3664 uti
1054 3607 1169 3684 cogito,

198 3709 285 3771 valde
316 3710 394 3772 bene
421 3711 500 3772 sacis.
531 3711 697 3773 Attribuere
721 3724 752 3774 et
776 3713 933 3796 appellare
960 3710 999 3772 ad
1024 3714 1169 3793 pecuniae

199 3817 375 3879 solutionem
397 3822 644 3902 exactionemque
665 3823 824 3902 pertinent
839 3819 926 3880 Vnde
941 3818 1092 3908 Atorbuti,
1112 3818 1169 3879 At·

198 3924 314 3986 tribott'o
340 3926 490 3986 nominum
497 3971 508 4000 ,
527 3939 558 3989 et
580 3926 720 3990 attributa
745 3930 882 4010 pecunia.
909 3927 1032 4011 Popma.
1058 3925 1102 3986 ef.
1131 3926 1169 3992 ad

204 4051 250 4113 ep.
271 4031 457 4116 DLXXXV,
477 4045 537 4097 not.
558 4034 587 4098 5.
