2648 4822
253 417 318 495 ¹7²
587 403 758 463 rersrom
785 409 904 462 orxvr.
1028 411 1111 464 uu.
1130 417 1159 462 c.
1179 401 1225 480 ,οε

245 518 318 590 lum
344 519 417 590 eius
442 516 586 616 perrexi.
623 517 746 588 Inveni
784 516 872 588 duos
897 514 1067 615 libertos,
1095 532 1133 590 et
1156 544 1245 618 paud

246 644 342 717 culos
368 664 496 717 servos.
534 642 697 743 Reliquos
736 642 876 714 aiebant
901 643 1115 743 profugisse,
1148 661 1243 718 metu

244 774 446 870 perterritos
467 771 506 866 ¹⁸,
546 767 642 869 quod
678 768 840 840 dominus
874 794 995 840 eorum
1021 784 1101 843 ante
1127 770 1245 845 taber-

242 896 405 969 naculum
431 894 634 968 interfectus
661 908 759 967 esset.
786 895 937 966 Coactus
965 922 1041 967 sum
1066 898 1103 968 in
1120 897 1243 971 eadem

241 1021 299 1094 illa
325 1022 470 1119 lectica,
504 1047 572 1122 qua
606 1021 681 1120 ipse
708 1018 842 1092 delatus
869 1047 986 1120 eram,
1015 1023 1170 1125 meisque
1194 1023 1244 1097 lc·

241 1149 392 1220 eticariis
418 1149 455 1220 in
482 1147 602 1222 urbem
629 1174 710 1220 eum
735 1147 861 1220 referre
882 1162 928 1246 ¹95
960 1147 1076 1250 ibique
1109 1175 1175 1249 pro
1201 1176 1242 1223 ea

242 1276 360 1373 copia,
387 1301 474 1375 quae
500 1274 647 1348 Athenis
673 1287 766 1372 erat,
790 1271 894 1346 funus
920 1275 952 1347 ei
977 1277 1060 1347 satis
1085 1276 1241 1375 amplum

241 1399 438 1473 laciendum
476 1401 605 1473 curavi.
635 1399 691 1472 Ab
724 1398 1011 1499 Atheniensibus,
1042 1400 1161 1474 locum
1188 1428 1241 1475 se·

240 1525 402 1627 pulturae
438 1527 529 1597 intra
567 1525 692 1598 urbem
715 1541 756 1597 ut
782 1525 926 1623 darent,
958 1526 1145 1625 impetrare
1169 1544 1241 1600 non

240 1653 359 1752 potui,
385 1649 481 1751 quod
506 1650 672 1748 religione
697 1678 735 1725 se
761 1651 922 1752 impediri
937 1668 967 1702 ²⁰
994 1652 1163 1752 dicerent3
1184 1679 1241 1727 ne·

240 1801 309 1877 que
334 1790 453 1848 tamen
477 1776 515 1849 id
541 1793 644 1850 autea
670 1778 833 1878 cuiqnam
859 1792 1112 1852 concesserant.
1135 1779 1239 1871 Quod

239 1903 441 2004 proximum
474 1902 560 2001 fuit,
598 1905 648 1976 uti
682 1905 718 1976 in
755 1931 825 2006 quo
858 1905 1027 1979 vellemus
1060 1906 1239 2004 gymnasio

238 2054 320 2102 eum
344 2029 586 2130 sepeliremus,
610 2030 714 2103 nobis
739 2033 995 2130 permiserunt„
1014 2032 1088 2106 Nos
1114 2034 1152 2104 in
1176 2056 1240 2105 uo·

238 2153 406 2228 bilissimo
424 2171 454 2208 ¹¹
483 2156 577 2229 orbis
611 2170 780 2230 terrarum
815 2158 997 2256 gymnasio
1030 2156 1239 2230 Academiae

236 2275 355 2354 locum
380 2280 590 2381 delegimus,
616 2282 734 2384 ibique
760 2308 840 2354 eum
867 2281 1142 2381 combussimus,
1174 2308 1239 2382 po·

237 2422 381 2509 steaque
407 2409 623 2508 curavimus,
656 2423 697 2481 ut
729 2408 836 2481 iidem
862 2408 1092 2481 Athenienses
1117 2409 1154 2480 in
1179 2432 1238 2481 eo·

239 2532 319 2607 dem
343 2533 423 2608 loco
449 2549 716 2608 monumentum
740 2535 772 2605 ei
789 2559 1022 2606 marmoreum
1040 2532 1239 2605 laciendum

237 2658 401 2733 locarent.
434 2664 506 2759 Ita,
538 2687 626 2761 quae
653 2674 773 2733 nostra
801 2659 914 2732 officia
940 2657 1079 2731 fuerunt
1097 2675 1138 2757 ²¹,
1171 2685 1237 2758 pro

238 2783 383 2882 collegio
402 2798 437 2856 et
453 2787 736 2886 propinquitate,
753 2800 790 2858 et
806 2788 889 2860 vivo
907 2800 944 2858 et
963 2800 1102 2859 mortuo
1120 2786 1238 2858 omnia

237 2910 269 2980 ei
293 2912 537 3008 praestitimus.
566 2911 663 2985 Vale.
688 2914 730 2986 D.
755 2938 806 3012 pr.
832 2911 909 2986 Kal.
935 2916 1010 2985 lun.
1036 2911 1194 2985 Athenis.

646 3165 827 3239 DLXVII·
956 3207 1009 3264 (Aa
1025 3205 1075 3251 Au.
1093 3205 1150 3264 xn,
1165 3207 1210 3262 4⁰)

234 3341 452 3417 Argumentum.
478 3363 487 3400 r
512 3343 559 3401 De
580 3342 669 3401 llirtii
691 3342 770 3402 libro
793 3345 823 3401 in
844 3341 1005 3414 Catonem3
1033 3362 1050 3399 2
1080 3341 1117 3401 dc
1139 3341 1236 3414 libro,

274 3468 363 3526 quern
386 3448 423 3506 ad
444 3448 600 3507 Caesarem
623 3449 661 3508 de
683 3448 836 3531 republica
856 3448 1023 3507 ordinanda
1037 3448 1169 3507 scribere
1185 3470 1235 3508 co*

275 3554 433 3630 giraverat3
457 3555 473 3612 3
496 3554 648 3612 decausis
676 3558 825 3615 tristitiam
854 3575 938 3613 suam
966 3554 1107 3613 adversus
1130 3576 1235 3636 repre-

274 3655 415 3715 hensores
437 3658 659 3732 excusantibus3
680 3661 750 3735 nde
772 3659 867 3719 hortis
889 3660 1065 3742 Scapulanis
1087 3661 1234 3734 emendist

274 3759 294 3820 5
313 3761 442 3843 (lenique
463 3786 507 3835 se,
529 3766 673 3846 quamdiu
695 3766 744 3825 hic
765 3787 924 3827 mansurus
945 3770 998 3839 sit,
1011 3767 1147 3828 nondum
1164 3789 1235 3829 con·

275 3871 402 3929 stituisse
423 3870 534 3932 scribit.
