<?xml version="1.0" encoding="UTF-8"?>
<!DOCTYPE html PUBLIC "-//W3C//DTD XHTML 1.0 Transitional//EN"
    "http://www.w3.org/TR/xhtml1/DTD/xhtml1-transitional.dtd">
<html xmlns="http://www.w3.org/1999/xhtml" xml:lang="en" lang="en">
 <head>
  <title>
</title>
<meta http-equiv="Content-Type" content="text/html;charset=utf-8" />
  <meta name='ocr-system' content='tesseract 3.04.00' />
  <meta name='ocr-capabilities' content='ocr_page ocr_carea ocr_par ocr_line ocrx_word'/>
</head>
<body>
  <div class='ocr_page' id='page_1' title='image "./mtulliiciceroni11cicegoog/mtulliiciceroni11cicegoog_0181.png"; bbox 0 0 2648 4822; ppageno 0'>
   <div class='ocr_carea' id='block_1_1' title="bbox 255 427 1223 525">
    <p class='ocr_par' dir='ltr' id='par_1_1' title="bbox 255 427 1223 525">
     <span class='ocr_line' id='line_1_1' title="bbox 255 427 1223 525; baseline -0.012 -27"><span class='ocrx_word' id='word_1_1' title='bbox 255 427 321 525; x_wconf 66' lang='lat'><strong>174</strong></span> <span class='ocrx_word' id='word_1_2' title='bbox 581 441 751 491; x_wconf 76' lang='lat' dir='ltr'><strong>arrsrosa</strong></span> <span class='ocrx_word' id='word_1_3' title='bbox 778 441 911 488; x_wconf 78' lang='lat' dir='ltr'><strong>nexvn.</strong></span> <span class='ocrx_word' id='word_1_4' title='bbox 1030 441 1060 486; x_wconf 79' lang='lat' dir='ltr'><strong>s.</strong></span> <span class='ocrx_word' id='word_1_5' title='bbox 1080 442 1111 487; x_wconf 91' lang='lat' dir='ltr'><strong>v.</strong></span> <span class='ocrx_word' id='word_1_6' title='bbox 1130 443 1158 487; x_wconf 88' lang='lat' dir='ltr'><strong>c.</strong></span> <span class='ocrx_word' id='word_1_7' title='bbox 1177 441 1223 502; x_wconf 58' lang='grc' dir='ltr'><strong>με</strong></span> 
     </span>
    </p>
   </div>
   <div class='ocr_carea' id='block_1_2' title="bbox 378 667 1113 732">
    <p class='ocr_par' dir='ltr' id='par_1_2' title="bbox 378 667 1113 732">
     <span class='ocr_line' id='line_1_2' title="bbox 378 667 1113 732; baseline -0.012 -9"><span class='ocrx_word' id='word_1_8' title='bbox 378 674 430 727; x_wconf 75' lang='lat' dir='ltr'><strong>scr.</strong></span> <span class='ocrx_word' id='word_1_9' title='bbox 450 673 475 722; x_wconf 87' lang='lat' dir='ltr'><strong>in</strong></span> <span class='ocrx_word' id='word_1_10' title='bbox 495 670 591 722; x_wconf 70' lang='lat' dir='ltr'><strong>Antiati</strong></span> <span class='ocrx_word' id='word_1_11' title='bbox 610 672 640 721; x_wconf 84' lang='grc' dir='ltr'><strong>Δ.</strong></span> <span class='ocrx_word' id='word_1_12' title='bbox 660 669 691 719; x_wconf 89' lang='lat' dir='ltr'><strong>V.</strong></span> <span class='ocrx_word' id='word_1_13' title='bbox 711 670 739 721; x_wconf 89' lang='lat' dir='ltr'><strong>C.</strong></span> <span class='ocrx_word' id='word_1_14' title='bbox 760 668 907 732; x_wconf 83' lang='lat' dir='ltr'><strong>ocevflt,</strong></span> <span class='ocrx_word' id='word_1_15' title='bbox 925 682 1011 718; x_wconf 78' lang='lat' dir='ltr'><strong>measa</strong></span> <span class='ocrx_word' id='word_1_16' title='bbox 1031 667 1113 718; x_wconf 81' lang='lat' dir='ltr'><strong>lania.</strong></span> 
     </span>
    </p>
   </div>
   <div class='ocr_carea' id='block_1_3' title="bbox 563 859 939 925">
    <p class='ocr_par' dir='ltr' id='par_1_3' title="bbox 563 859 939 925">
     <span class='ocr_line' id='line_1_3' title="bbox 563 859 939 925; baseline -0.013 0"><span class='ocrx_word' id='word_1_17' title='bbox 563 861 708 925; x_wconf 86' lang='lat' dir='ltr'>CICERO</span> <span class='ocrx_word' id='word_1_18' title='bbox 733 859 883 923; x_wconf 76' lang='lat' dir='ltr'><strong>ATTICO</strong></span> <span class='ocrx_word' id='word_1_19' title='bbox 909 860 939 920; x_wconf 87' lang='lat' dir='ltr'><strong>S.</strong></span> 
     </span>
    </p>
   </div>
   <div class='ocr_carea' id='block_1_4' title="bbox 244 1048 1246 4047">
    <p class='ocr_par' dir='ltr' id='par_1_4' title="bbox 245 1048 1246 1907">
     <span class='ocr_line' id='line_1_4' title="bbox 303 1048 1246 1147; baseline -0.004 -21"><span class='ocrx_word' id='word_1_20' title='bbox 303 1082 314 1126; x_wconf 89' lang='lat'>1</span> <span class='ocrx_word' id='word_1_21' title='bbox 346 1051 468 1144; x_wconf 86' lang='lat' dir='ltr'><strong>Qualis</strong></span> <span class='ocrx_word' id='word_1_22' title='bbox 494 1050 610 1122; x_wconf 87' lang='lat' dir='ltr'><strong>futura</strong></span> <span class='ocrx_word' id='word_1_23' title='bbox 635 1049 680 1121; x_wconf 90' lang='lat' dir='ltr'><strong>sit</strong></span> <span class='ocrx_word' id='word_1_24' title='bbox 706 1048 862 1121; x_wconf 85' lang='lat' dir='ltr'>Caesaris</span> <span class='ocrx_word' id='word_1_25' title='bbox 893 1048 1103 1147; x_wconf 84' lang='lat' dir='ltr'><strong>vituperatio</strong></span> <span class='ocrx_word' id='word_1_26' title='bbox 1124 1065 1134 1097; x_wconf 90' lang='lat'>¹</span> <span class='ocrx_word' id='word_1_27' title='bbox 1157 1075 1246 1143; x_wconf 58' lang='lat' dir='ltr'><strong>mn-</strong></span> 
     </span>
     <span class='ocr_line' id='line_1_5' title="bbox 248 1173 1246 1274; baseline -0.005 -22"><span class='ocrx_word' id='word_1_28' title='bbox 248 1194 299 1252; x_wconf 91' lang='lat' dir='ltr'><strong>tra</strong></span> <span class='ocrx_word' id='word_1_29' title='bbox 337 1178 576 1251; x_wconf 78' lang='lat' dir='ltr'>laudationem</span> <span class='ocrx_word' id='word_1_30' title='bbox 615 1201 751 1272; x_wconf 80' lang='lat' dir='ltr'><strong>meam,</strong></span> <span class='ocrx_word' id='word_1_31' title='bbox 788 1175 949 1274; x_wconf 85' lang='lat' dir='ltr'><strong>perspexi</strong></span> <span class='ocrx_word' id='word_1_32' title='bbox 987 1200 1028 1245; x_wconf 87' lang='lat' dir='ltr'><strong>ex</strong></span> <span class='ocrx_word' id='word_1_33' title='bbox 1062 1200 1104 1247; x_wconf 90' lang='lat' dir='ltr'><strong>eo</strong></span> <span class='ocrx_word' id='word_1_34' title='bbox 1136 1173 1246 1272; x_wconf 82' lang='lat' dir='ltr'><strong>libro,</strong></span> 
     </span>
     <span class='ocr_line' id='line_1_6' title="bbox 247 1300 1246 1407; baseline -0.002 -30"><span class='ocrx_word' id='word_1_35' title='bbox 247 1331 351 1407; x_wconf 88' lang='lat' dir='ltr'><strong>quern</strong></span> <span class='ocrx_word' id='word_1_36' title='bbox 377 1306 511 1377; x_wconf 79' lang='lat' dir='ltr'>Hirtius</span> <span class='ocrx_word' id='word_1_37' title='bbox 537 1302 664 1376; x_wconf 89' lang='lat' dir='ltr'><strong>adme</strong></span> <span class='ocrx_word' id='word_1_38' title='bbox 690 1302 785 1374; x_wconf 89' lang='lat' dir='ltr'><strong>misit</strong></span> <span class='ocrx_word' id='word_1_39' title='bbox 797 1317 823 1398; x_wconf 80' lang='lat'><strong>¹,</strong></span> <span class='ocrx_word' id='word_1_40' title='bbox 847 1302 883 1372; x_wconf 89' lang='lat' dir='ltr'><strong>in</strong></span> <span class='ocrx_word' id='word_1_41' title='bbox 910 1325 979 1402; x_wconf 92' lang='lat' dir='ltr'><strong>quo</strong></span> <span class='ocrx_word' id='word_1_42' title='bbox 1006 1300 1138 1398; x_wconf 79' lang='lat' dir='ltr'><strong>colligit</strong></span> <span class='ocrx_word' id='word_1_43' title='bbox 1163 1303 1246 1375; x_wconf 85' lang='lat' dir='ltr'><strong>vitia</strong></span> 
     </span>
     <span class='ocr_line' id='line_1_7' title="bbox 246 1426 1245 1529; baseline -0.008 -23"><span class='ocrx_word' id='word_1_44' title='bbox 246 1433 406 1529; x_wconf 79' lang='lat' dir='ltr'><strong>Catonis,</strong></span> <span class='ocrx_word' id='word_1_45' title='bbox 432 1431 494 1503; x_wconf 94' lang='lat' dir='ltr'><strong>sed</strong></span> <span class='ocrx_word' id='word_1_46' title='bbox 520 1456 601 1502; x_wconf 90' lang='lat' dir='ltr'><strong>cum</strong></span> <span class='ocrx_word' id='word_1_47' title='bbox 626 1429 785 1501; x_wconf 80' lang='lat' dir='ltr'><strong>maximis</strong></span> <span class='ocrx_word' id='word_1_48' title='bbox 809 1426 973 1500; x_wconf 83' lang='lat' dir='ltr'>laudibus</span> <span class='ocrx_word' id='word_1_49' title='bbox 999 1428 1094 1499; x_wconf 89' lang='lat' dir='ltr'><strong>meis.</strong></span> <span class='ocrx_word' id='word_1_50' title='bbox 1124 1429 1245 1528; x_wconf 85' lang='lat' dir='ltr'><strong>Itaque</strong></span> 
     </span>
     <span class='ocr_line' id='line_1_8' title="bbox 245 1552 1245 1653; baseline -0.006 -25"><span class='ocrx_word' id='word_1_51' title='bbox 245 1559 324 1629; x_wconf 88' lang='lat' dir='ltr'><strong>misi</strong></span> <span class='ocrx_word' id='word_1_52' title='bbox 348 1555 475 1628; x_wconf 90' lang='lat' dir='ltr'><strong>librum</strong></span> <span class='ocrx_word' id='word_1_53' title='bbox 502 1555 547 1628; x_wconf 90' lang='lat' dir='ltr'><strong>ad</strong></span> <span class='ocrx_word' id='word_1_54' title='bbox 573 1555 754 1653; x_wconf 77' lang='lat' dir='ltr'>Muscam,</span> <span class='ocrx_word' id='word_1_55' title='bbox 786 1566 828 1626; x_wconf 90' lang='lat' dir='ltr'><strong>ut</strong></span> <span class='ocrx_word' id='word_1_56' title='bbox 862 1555 933 1626; x_wconf 91' lang='lat' dir='ltr'><strong>tuis</strong></span> <span class='ocrx_word' id='word_1_57' title='bbox 966 1553 1114 1626; x_wconf 86' lang='lat' dir='ltr'><strong>librariis</strong></span> <span class='ocrx_word' id='word_1_58' title='bbox 1140 1552 1245 1626; x_wconf 88' lang='lat' dir='ltr'><strong>daret.</strong></span> 
     </span>
     <span class='ocr_line' id='line_1_9' title="bbox 245 1659 1246 1782; baseline -0.005 -26"><span class='ocrx_word' id='word_1_59' title='bbox 245 1682 340 1756; x_wconf 87' lang='lat' dir='ltr'>Volo</span> <span class='ocrx_word' id='word_1_60' title='bbox 366 1683 461 1754; x_wconf 91' lang='lat' dir='ltr'><strong>enim</strong></span> <span class='ocrx_word' id='word_1_61' title='bbox 486 1708 565 1753; x_wconf 88' lang='lat' dir='ltr'><strong>eum</strong></span> <span class='ocrx_word' id='word_1_62' title='bbox 592 1681 781 1780; x_wconf 82' lang='lat' dir='ltr'><strong>divulgari:</strong></span> <span class='ocrx_word' id='word_1_63' title='bbox 809 1676 905 1782; x_wconf 89' lang='lat' dir='ltr'><strong>quod</strong></span> <span class='ocrx_word' id='word_1_64' title='bbox 931 1659 1001 1781; x_wconf 77' lang='lat' dir='ltr'><strong>quo</strong></span> <span class='ocrx_word' id='word_1_65' title='bbox 1026 1678 1160 1753; x_wconf 86' lang='lat' dir='ltr'><strong>facilius</strong></span> <span class='ocrx_word' id='word_1_66' title='bbox 1177 1681 1246 1778; x_wconf 81' lang='lat' dir='ltr'><strong>fiat,</strong></span> 
     </span>
     <span class='ocr_line' id='line_1_10' title="bbox 245 1807 541 1907; baseline 0 -29"><span class='ocrx_word' id='word_1_67' title='bbox 245 1807 433 1907; x_wconf 85' lang='lat' dir='ltr'><strong>imperabis</strong></span> <span class='ocrx_word' id='word_1_68' title='bbox 460 1809 541 1880; x_wconf 87' lang='lat' dir='ltr'><strong>tuis.</strong></span> 
     </span>
    </p>

    <p class='ocr_par' dir='ltr' id='par_1_5' title="bbox 245 1933 1246 2638">
     <span class='ocr_line' id='line_1_11' title="bbox 297 1933 1246 2032; baseline -0.001 -27"><span class='ocrx_word' id='word_1_69' title='bbox 297 1961 317 2006; x_wconf 80' lang='lat' dir='ltr'><strong>a</strong></span> <span class='ocrx_word' id='word_1_70' title='bbox 344 1935 622 2026; x_wconf 68' lang='lat' dir='ltr'><strong>Evpdoaiserrzts³</strong></span> <span class='ocrx_word' id='word_1_71' title='bbox 649 1959 754 2032; x_wconf 83' lang='lat' dir='ltr'>saepe</span> <span class='ocrx_word' id='word_1_72' title='bbox 781 1958 904 2030; x_wconf 76' lang='lat' dir='ltr'><strong>conor3</strong></span> <span class='ocrx_word' id='word_1_73' title='bbox 929 1933 1016 2006; x_wconf 89' lang='lat' dir='ltr'><strong>nihil</strong></span> <span class='ocrx_word' id='word_1_74' title='bbox 1042 1935 1194 2032; x_wconf 85' lang='lat' dir='ltr'><strong>reperio:</strong></span> <span class='ocrx_word' id='word_1_75' title='bbox 1212 1947 1246 2004; x_wconf 87' lang='lat' dir='ltr'><strong>et</strong></span> 
     </span>
     <span class='ocr_line' id='line_1_12' title="bbox 247 2060 1245 2162; baseline -0.005 -30"><span class='ocrx_word' id='word_1_76' title='bbox 247 2061 387 2162; x_wconf 85' lang='lat' dir='ltr'><strong>quidem</strong></span> <span class='ocrx_word' id='word_1_77' title='bbox 414 2088 550 2132; x_wconf 86' lang='lat' dir='ltr'><strong>mecum</strong></span> <span class='ocrx_word' id='word_1_78' title='bbox 577 2060 690 2132; x_wconf 88' lang='lat' dir='ltr'><strong>habeo</strong></span> <span class='ocrx_word' id='word_1_79' title='bbox 710 2075 746 2132; x_wconf 92' lang='lat' dir='ltr'><strong>et</strong></span> <span class='ocrx_word' id='word_1_80' title='bbox 764 2065 998 2156; x_wconf 56' lang='grc' dir='ltr'><strong>Ἀριστοτεὶους,</strong></span> <span class='ocrx_word' id='word_1_81' title='bbox 1016 2074 1051 2132; x_wconf 89' lang='lat' dir='ltr'><strong>et</strong></span> <span class='ocrx_word' id='word_1_82' title='bbox 1069 2065 1245 2151; x_wconf 71' lang='grc' dir='ltr'><strong>Θεεπόμπω</strong></span> 
     </span>
     <span class='ocr_line' id='line_1_13' title="bbox 246 2186 1245 2288; baseline -0.001 -32"><span class='ocrx_word' id='word_1_83' title='bbox 246 2194 318 2282; x_wconf 69' lang='grc' dir='ltr'><strong>πρὸς</strong></span> <span class='ocrx_word' id='word_1_84' title='bbox 345 2186 581 2288; x_wconf 59' lang='grc' dir='ltr'><strong>ἈλέξανδμΜ.</strong></span> <span class='ocrx_word' id='word_1_85' title='bbox 615 2187 685 2258; x_wconf 88' lang='lat' dir='ltr'><strong>Sed</strong></span> <span class='ocrx_word' id='word_1_86' title='bbox 721 2187 808 2286; x_wconf 88' lang='lat' dir='ltr'><strong>quid</strong></span> <span class='ocrx_word' id='word_1_87' title='bbox 834 2186 963 2259; x_wconf 73' lang='lat' dir='ltr'><strong>simile?</strong></span> <span class='ocrx_word' id='word_1_88' title='bbox 989 2186 1065 2282; x_wconf 80' lang='lat' dir='ltr'>Illi,</span> <span class='ocrx_word' id='word_1_89' title='bbox 1098 2200 1135 2258; x_wconf 87' lang='lat' dir='ltr'><strong>et</strong></span> <span class='ocrx_word' id='word_1_90' title='bbox 1160 2212 1245 2287; x_wconf 92' lang='lat' dir='ltr'><strong>quac</strong></span> 
     </span>
     <span class='ocr_line' id='line_1_14' title="bbox 245 2312 1246 2413; baseline -0.001 -29"><span class='ocrx_word' id='word_1_91' title='bbox 245 2315 330 2413; x_wconf 88' lang='lat' dir='ltr'><strong>ipsis</strong></span> <span class='ocrx_word' id='word_1_92' title='bbox 357 2312 503 2385; x_wconf 89' lang='lat' dir='ltr'><strong>honesta</strong></span> <span class='ocrx_word' id='word_1_93' title='bbox 530 2327 662 2410; x_wconf 80' lang='lat' dir='ltr'><strong>essent,</strong></span> <span class='ocrx_word' id='word_1_94' title='bbox 687 2312 902 2410; x_wconf 81' lang='lat' dir='ltr'><strong>scribebant,</strong></span> <span class='ocrx_word' id='word_1_95' title='bbox 927 2327 963 2384; x_wconf 90' lang='lat' dir='ltr'><strong>et</strong></span> <span class='ocrx_word' id='word_1_96' title='bbox 988 2325 1084 2410; x_wconf 85' lang='lat' dir='ltr'><strong>grata</strong></span> <span class='ocrx_word' id='word_1_97' title='bbox 1102 2312 1246 2384; x_wconf 78' lang='lat' dir='ltr'><strong>Alexan-</strong></span> 
     </span>
     <span class='ocr_line' id='line_1_15' title="bbox 247 2437 1244 2541; baseline -0.004 -29"><span class='ocrx_word' id='word_1_98' title='bbox 247 2440 322 2512; x_wconf 87' lang='lat' dir='ltr'><strong>dro.</strong></span> <span class='ocrx_word' id='word_1_99' title='bbox 358 2440 498 2541; x_wconf 86' lang='lat' dir='ltr'><strong>Ecquid</strong></span> <span class='ocrx_word' id='word_1_100' title='bbox 535 2455 571 2512; x_wconf 93' lang='lat' dir='ltr'><strong>tu</strong></span> <span class='ocrx_word' id='word_1_101' title='bbox 607 2439 778 2511; x_wconf 86' lang='lat' dir='ltr'><strong>eiusmodi</strong></span> <span class='ocrx_word' id='word_1_102' title='bbox 804 2438 955 2539; x_wconf 72' lang='lat' dir='ltr'><strong>reperis?</strong></span> <span class='ocrx_word' id='word_1_103' title='bbox 991 2437 1077 2511; x_wconf 89' lang='lat' dir='ltr'><strong>Mihi</strong></span> <span class='ocrx_word' id='word_1_104' title='bbox 1105 2437 1244 2539; x_wconf 89' lang='lat' dir='ltr'><strong>quidem</strong></span> 
     </span>
     <span class='ocr_line' id='line_1_16' title="bbox 249 2565 711 2638; baseline -0.002 -1"><span class='ocrx_word' id='word_1_105' title='bbox 249 2565 335 2637; x_wconf 89' lang='lat' dir='ltr'><strong>nihil</strong></span> <span class='ocrx_word' id='word_1_106' title='bbox 361 2568 398 2636; x_wconf 90' lang='lat' dir='ltr'><strong>in</strong></span> <span class='ocrx_word' id='word_1_107' title='bbox 424 2582 577 2637; x_wconf 84' lang='lat' dir='ltr'><strong>mentem</strong></span> <span class='ocrx_word' id='word_1_108' title='bbox 605 2569 711 2638; x_wconf 88' lang='lat' dir='ltr'><strong>venit.</strong></span> 
     </span>
    </p>

    <p class='ocr_par' dir='ltr' id='par_1_6' title="bbox 244 2691 1245 4047">
     <span class='ocr_line' id='line_1_17' title="bbox 296 2691 1244 2789; baseline 0 -27"><span class='ocrx_word' id='word_1_109' title='bbox 296 2691 317 2762; x_wconf 83' lang='lat'>3</span> <span class='ocrx_word' id='word_1_110' title='bbox 344 2692 451 2782; x_wconf 89' lang='lat' dir='ltr'><strong>Quod</strong></span> <span class='ocrx_word' id='word_1_111' title='bbox 477 2692 598 2762; x_wconf 86' lang='lat' dir='ltr'><strong>scribis</strong></span> <span class='ocrx_word' id='word_1_112' title='bbox 630 2706 664 2761; x_wconf 85' lang='lat' dir='ltr'><strong>te</strong></span> <span class='ocrx_word' id='word_1_113' title='bbox 691 2696 823 2789; x_wconf 77' lang='lat' dir='ltr'><strong>vereri,</strong></span> <span class='ocrx_word' id='word_1_114' title='bbox 856 2718 899 2762; x_wconf 86' lang='lat' dir='ltr'><strong>ne</strong></span> <span class='ocrx_word' id='word_1_115' title='bbox 930 2706 965 2763; x_wconf 91' lang='lat' dir='ltr'><strong>ct</strong></span> <span class='ocrx_word' id='word_1_116' title='bbox 990 2692 1098 2788; x_wconf 80' lang='lat' dir='ltr'><strong>gratia</strong></span> <span class='ocrx_word' id='word_1_117' title='bbox 1125 2706 1161 2762; x_wconf 89' lang='lat' dir='ltr'><strong>et</strong></span> <span class='ocrx_word' id='word_1_118' title='bbox 1186 2718 1244 2762; x_wconf 88' lang='lat' dir='ltr'><strong>aa·</strong></span> 
     </span>
     <span class='ocr_line' id='line_1_18' title="bbox 246 2816 1244 2916; baseline 0.004 -31"><span class='ocrx_word' id='word_1_119' title='bbox 246 2816 387 2886; x_wconf 76' lang='lat' dir='ltr'><strong>ctos-itas</strong></span> <span class='ocrx_word' id='word_1_120' title='bbox 414 2830 532 2887; x_wconf 87' lang='lat' dir='ltr'><strong>nostra</strong></span> <span class='ocrx_word' id='word_1_121' title='bbox 560 2816 626 2888; x_wconf 87' lang='lat' dir='ltr'><strong>hoc</strong></span> <span class='ocrx_word' id='word_1_122' title='bbox 654 2843 732 2887; x_wconf 86' lang='lat' dir='ltr'><strong>meo</strong></span> <span class='ocrx_word' id='word_1_123' title='bbox 759 2844 916 2889; x_wconf 84' lang='lat' dir='ltr'><strong>moerore</strong></span> <span class='ocrx_word' id='word_1_124' title='bbox 942 2819 1138 2889; x_wconf 86' lang='lat' dir='ltr'><strong>minuatur:</strong></span> <span class='ocrx_word' id='word_1_125' title='bbox 1165 2844 1244 2916; x_wconf 75' lang='lat' dir='ltr'><strong>ege,</strong></span> 
     </span>
     <span class='ocr_line' id='line_1_19' title="bbox 247 2940 1245 3043; baseline 0.007 -35"><span class='ocrx_word' id='word_1_126' title='bbox 247 2940 332 3039; x_wconf 92' lang='lat' dir='ltr'><strong>quid</strong></span> <span class='ocrx_word' id='word_1_127' title='bbox 360 2941 518 3013; x_wconf 85' lang='lat' dir='ltr'><strong>homines</strong></span> <span class='ocrx_word' id='word_1_128' title='bbox 552 2957 612 3013; x_wconf 87' lang='lat' dir='ltr'><strong>aut</strong></span> <span class='ocrx_word' id='word_1_129' title='bbox 646 2943 924 3041; x_wconf 73' lang='lat' dir='ltr'><strong>reprehendant,</strong></span> <span class='ocrx_word' id='word_1_130' title='bbox 957 2958 1016 3015; x_wconf 88' lang='lat' dir='ltr'><strong>aut</strong></span> <span class='ocrx_word' id='word_1_131' title='bbox 1047 2943 1245 3043; x_wconf 71' lang='lat' dir='ltr'><strong>postulent,</strong></span> 
     </span>
     <span class='ocr_line' id='line_1_20' title="bbox 247 3066 1243 3170; baseline 0.006 -35"><span class='ocrx_word' id='word_1_132' title='bbox 247 3067 376 3137; x_wconf 88' lang='lat' dir='ltr'><strong>nescio.</strong></span> <span class='ocrx_word' id='word_1_133' title='bbox 403 3066 455 3138; x_wconf 89' lang='lat' dir='ltr'><strong>Ne</strong></span> <span class='ocrx_word' id='word_1_134' title='bbox 483 3067 639 3140; x_wconf 79' lang='lat' dir='ltr'><strong>doleam?</strong></span> <span class='ocrx_word' id='word_1_135' title='bbox 666 3071 723 3169; x_wconf 90' lang='lat' dir='ltr'><strong>qui</strong></span> <span class='ocrx_word' id='word_1_136' title='bbox 746 3069 909 3168; x_wconf 74' lang='lat' dir='ltr'><strong>petesti⁵</strong></span> <span class='ocrx_word' id='word_1_137' title='bbox 929 3070 980 3142; x_wconf 87' lang='lat' dir='ltr'><strong>Ne</strong></span> <span class='ocrx_word' id='word_1_138' title='bbox 1001 3069 1150 3141; x_wconf 77' lang='lat' dir='ltr'><strong>iacearni</strong></span> <span class='ocrx_word' id='word_1_139' title='bbox 1169 3073 1243 3170; x_wconf 90' lang='lat' dir='ltr'><strong>quis</strong></span> 
     </span>
     <span class='ocr_line' id='line_1_21' title="bbox 246 3195 1245 3293; baseline 0.007 -33"><span class='ocrx_word' id='word_1_140' title='bbox 246 3217 413 3291; x_wconf 80' lang='lat' dir='ltr'><strong>uinquam</strong></span> <span class='ocrx_word' id='word_1_141' title='bbox 439 3195 573 3265; x_wconf 83' lang='lat' dir='ltr'><strong>minusi</strong></span> <span class='ocrx_word' id='word_1_142' title='bbox 607 3198 700 3266; x_wconf 80' lang='lat' dir='ltr'><strong>Dana</strong></span> <span class='ocrx_word' id='word_1_143' title='bbox 735 3210 792 3267; x_wconf 89' lang='lat' dir='ltr'><strong>tua</strong></span> <span class='ocrx_word' id='word_1_144' title='bbox 828 3225 884 3268; x_wconf 88' lang='lat' dir='ltr'><strong>me</strong></span> <span class='ocrx_word' id='word_1_145' title='bbox 915 3196 1039 3269; x_wconf 86' lang='lat' dir='ltr'><strong>domus</strong></span> <span class='ocrx_word' id='word_1_146' title='bbox 1064 3196 1204 3268; x_wconf 83' lang='lat' dir='ltr'><strong>levabat</strong></span> <span class='ocrx_word' id='word_1_147' title='bbox 1219 3200 1245 3293; x_wconf 75' lang='lat'><strong>⁶,</strong></span> 
     </span>
     <span class='ocr_line' id='line_1_22' title="bbox 247 3318 1244 3424; baseline 0.007 -38"><span class='ocrx_word' id='word_1_148' title='bbox 247 3319 324 3416; x_wconf 87' lang='lat' dir='ltr'><strong>quis</strong></span> <span class='ocrx_word' id='word_1_149' title='bbox 351 3344 370 3390; x_wconf 92' lang='lat' dir='ltr'><strong>a</strong></span> <span class='ocrx_word' id='word_1_150' title='bbox 396 3345 452 3389; x_wconf 84' lang='lat' dir='ltr'><strong>rne</strong></span> <span class='ocrx_word' id='word_1_151' title='bbox 479 3318 657 3391; x_wconf 74' lang='lat' dir='ltr'><strong>exclusus?</strong></span> <span class='ocrx_word' id='word_1_152' title='bbox 684 3323 760 3422; x_wconf 85' lang='lat' dir='ltr'><strong>quis</strong></span> <span class='ocrx_word' id='word_1_153' title='bbox 789 3324 897 3420; x_wconf 63' lang='lat' dir='ltr'><strong>venit,</strong></span> <span class='ocrx_word' id='word_1_154' title='bbox 916 3323 975 3424; x_wconf 89' lang='lat' dir='ltr'><strong>qui</strong></span> <span class='ocrx_word' id='word_1_155' title='bbox 993 3321 1244 3394; x_wconf 68' lang='lat' dir='ltr'><strong>offenderetur?</strong></span> 
     </span>
     <span class='ocr_line' id='line_1_23' title="bbox 244 3440 1244 3548; baseline 0.006 -37"><span class='ocrx_word' id='word_1_156' title='bbox 244 3440 409 3513; x_wconf 86' lang='lat' dir='ltr'><strong>Asturam</strong></span> <span class='ocrx_word' id='word_1_157' title='bbox 434 3470 511 3514; x_wconf 88' lang='lat' dir='ltr'><strong>sum</strong></span> <span class='ocrx_word' id='word_1_158' title='bbox 537 3471 556 3516; x_wconf 92' lang='lat' dir='ltr'><strong>a</strong></span> <span class='ocrx_word' id='word_1_159' title='bbox 583 3459 617 3516; x_wconf 87' lang='lat' dir='ltr'><strong>te</strong></span> <span class='ocrx_word' id='word_1_160' title='bbox 643 3448 828 3544; x_wconf 84' lang='lat' dir='ltr'><strong>profectus.</strong></span> <span class='ocrx_word' id='word_1_161' title='bbox 848 3452 978 3546; x_wconf 84' lang='lat' dir='ltr'><strong>Legere</strong></span> <span class='ocrx_word' id='word_1_162' title='bbox 997 3449 1053 3521; x_wconf 91' lang='lat' dir='ltr'><strong>isti</strong></span> <span class='ocrx_word' id='word_1_163' title='bbox 1071 3447 1169 3545; x_wconf 77' lang='lat' dir='ltr'><strong>laeti,</strong></span> <span class='ocrx_word' id='word_1_164' title='bbox 1186 3448 1244 3548; x_wconf 90' lang='lat' dir='ltr'><strong>qai</strong></span> 
     </span>
     <span class='ocr_line' id='line_1_24' title="bbox 245 3568 1244 3675; baseline 0.008 -39"><span class='ocrx_word' id='word_1_165' title='bbox 245 3592 301 3637; x_wconf 90' lang='lat' dir='ltr'><strong>me</strong></span> <span class='ocrx_word' id='word_1_166' title='bbox 327 3568 606 3668; x_wconf 78' lang='lat' dir='ltr'><strong>reprehendunt⁷</strong></span> <span class='ocrx_word' id='word_1_167' title='bbox 633 3587 704 3644; x_wconf 84' lang='lat' dir='ltr'><strong>tarn</strong></span> <span class='ocrx_word' id='word_1_168' title='bbox 731 3574 839 3646; x_wconf 78' lang='lat' dir='ltr'><strong>inulta</strong></span> <span class='ocrx_word' id='word_1_169' title='bbox 866 3598 937 3646; x_wconf 87' lang='lat' dir='ltr'><strong>non</strong></span> <span class='ocrx_word' id='word_1_170' title='bbox 960 3589 1244 3675; x_wconf 64' lang='lat' dir='ltr'><strong>possunt7quan1</strong></span> 
     </span>
     <span class='ocr_line' id='line_1_25' title="bbox 244 3695 1244 3800; baseline 0.007 -35"><span class='ocrx_word' id='word_1_171' title='bbox 244 3719 309 3790; x_wconf 85' lang='lat' dir='ltr'><strong>ego</strong></span> <span class='ocrx_word' id='word_1_172' title='bbox 335 3695 457 3793; x_wconf 90' lang='lat' dir='ltr'><strong>scripsi</strong></span> <span class='ocrx_word' id='word_1_173' title='bbox 477 3715 500 3767; x_wconf 83' lang='lat'><strong>7.</strong></span> <span class='ocrx_word' id='word_1_174' title='bbox 527 3698 642 3788; x_wconf 84' lang='lat' dir='ltr'><strong>Quam</strong></span> <span class='ocrx_word' id='word_1_175' title='bbox 669 3699 776 3800; x_wconf 72' lang='lat' dir='ltr'><strong>bene,</strong></span> <span class='ocrx_word' id='word_1_176' title='bbox 802 3699 888 3773; x_wconf 81' lang='lat' dir='ltr'><strong>nihii</strong></span> <span class='ocrx_word' id='word_1_177' title='bbox 914 3702 959 3774; x_wconf 90' lang='lat' dir='ltr'><strong>ad</strong></span> <span class='ocrx_word' id='word_1_178' title='bbox 985 3729 1066 3774; x_wconf 86' lang='lat' dir='ltr'><strong>rem.</strong></span> <span class='ocrx_word' id='word_1_179' title='bbox 1093 3700 1163 3774; x_wconf 87' lang='lat' dir='ltr'><strong>Sed</strong></span> <span class='ocrx_word' id='word_1_180' title='bbox 1191 3728 1244 3799; x_wconf 80' lang='lat' dir='ltr'><strong>ge·</strong></span> 
     </span>
     <span class='ocr_line' id='line_1_26' title="bbox 244 3819 1243 3927; baseline 0.008 -38"><span class='ocrx_word' id='word_1_181' title='bbox 244 3846 309 3891; x_wconf 87' lang='lat' dir='ltr'><strong>nus</strong></span> <span class='ocrx_word' id='word_1_182' title='bbox 336 3819 511 3892; x_wconf 89' lang='lat' dir='ltr'><strong>scribendi</strong></span> <span class='ocrx_word' id='word_1_183' title='bbox 536 3823 574 3894; x_wconf 95' lang='lat' dir='ltr'><strong>id</strong></span> <span class='ocrx_word' id='word_1_184' title='bbox 600 3824 681 3922; x_wconf 67' lang='lat' dir='ltr'><strong>snit,</strong></span> <span class='ocrx_word' id='word_1_185' title='bbox 709 3828 806 3927; x_wconf 87' lang='lat' dir='ltr'><strong>quod</strong></span> <span class='ocrx_word' id='word_1_186' title='bbox 832 3855 936 3899; x_wconf 86' lang='lat' dir='ltr'><strong>nemo</strong></span> <span class='ocrx_word' id='word_1_187' title='bbox 963 3828 1099 3900; x_wconf 88' lang='lat' dir='ltr'><strong>abiecto</strong></span> <span class='ocrx_word' id='word_1_188' title='bbox 1127 3831 1243 3900; x_wconf 84' lang='lat' dir='ltr'><strong>anime</strong></span> 
     </span>
     <span class='ocr_line' id='line_1_27' title="bbox 245 3944 1244 4047; baseline 0.011 -34"><span class='ocrx_word' id='word_1_189' title='bbox 245 3944 355 4017; x_wconf 78' lang='lat' dir='ltr'><strong>facere</strong></span> <span class='ocrx_word' id='word_1_190' title='bbox 382 3963 509 4047; x_wconf 87' lang='lat' dir='ltr'><strong>posset.</strong></span> <span class='ocrx_word' id='word_1_191' title='bbox 537 3951 694 4047; x_wconf 78' lang='lat' dir='ltr'><strong>Triginta</strong></span> <span class='ocrx_word' id='word_1_192' title='bbox 731 3954 804 4025; x_wconf 88' lang='lat' dir='ltr'><strong>dies</strong></span> <span class='ocrx_word' id='word_1_193' title='bbox 831 3956 864 4026; x_wconf 88' lang='lat' dir='ltr'><strong>in</strong></span> <span class='ocrx_word' id='word_1_194' title='bbox 892 3954 1035 4027; x_wconf 79' lang='lat' dir='ltr'><strong>laertis⁸</strong></span> <span class='ocrx_word' id='word_1_195' title='bbox 1062 3954 1119 4024; x_wconf 86' lang='lat' dir='ltr'><strong>fui.</strong></span> <span class='ocrx_word' id='word_1_196' title='bbox 1157 3956 1244 4044; x_wconf 86' lang='lat' dir='ltr'><strong>Quis</strong></span> 
     </span>
    </p>
   </div>
   <div class='ocr_carea' id='block_1_5' title="bbox 0 0 1328 4822">
    <p class='ocr_par' dir='ltr' id='par_1_7' title="bbox 0 0 1328 4822">
     <span class='ocr_line' id='line_1_28' title="bbox 0 0 1328 4822; baseline 0 0"><span class='ocrx_word' id='word_1_197' title='bbox 0 0 1328 4822; x_wconf 95' lang='lat' dir='ltr'><strong> </strong></span> 
     </span>
    </p>
   </div>
  </div>
 </body>
</html>
