<?xml version="1.0" encoding="UTF-8"?>
<!DOCTYPE html PUBLIC "-//W3C//DTD XHTML 1.0 Transitional//EN"
    "http://www.w3.org/TR/xhtml1/DTD/xhtml1-transitional.dtd">
<html xmlns="http://www.w3.org/1999/xhtml" xml:lang="en" lang="en">
 <head>
  <title>
</title>
<meta http-equiv="Content-Type" content="text/html;charset=utf-8" />
  <meta name='ocr-system' content='tesseract 3.04.00' />
  <meta name='ocr-capabilities' content='ocr_page ocr_carea ocr_par ocr_line ocrx_word'/>
</head>
<body>
  <div class='ocr_page' id='page_1' title='image "./mtulliiciceroni11cicegoog/mtulliiciceroni11cicegoog_0472.png"; bbox 0 0 2648 4822; ppageno 0'>
   <div class='ocr_carea' id='block_1_1' title="bbox 343 429 696 490">
    <p class='ocr_par' dir='ltr' id='par_1_1' title="bbox 343 429 696 490">
     <span class='ocr_line' id='line_1_1' title="bbox 343 429 696 490; baseline 0.011 -15"><span class='ocrx_word' id='word_1_1' title='bbox 343 485 345 490; x_wconf 46' lang='grc'><strong>,</strong></span> <span class='ocrx_word' id='word_1_2' title='bbox 443 431 480 478; x_wconf 85' lang='lat' dir='ltr'><strong>iu</strong></span> <span class='ocrx_word' id='word_1_3' title='bbox 507 429 696 479; x_wconf 75' lang='lat' dir='ltr'><strong>rrisroms</strong></span> 
     </span>
    </p>
   </div>
   <div class='ocr_carea' id='block_1_2' title="bbox 367 592 645 716">
    <p class='ocr_par' dir='ltr' id='par_1_2' title="bbox 367 592 645 716">
     <span class='ocr_line' id='line_1_2' title="bbox 367 592 645 716; baseline 0 -22"><span class='ocrx_word' id='word_1_4' title='bbox 367 592 370 597; x_wconf 46' lang='grc'><em>’</em></span> <span class='ocrx_word' id='word_1_5' title='bbox 491 635 645 716; x_wconf 72' lang='lat' dir='ltr'><strong>bixxu.</strong></span> 
     </span>
    </p>
   </div>
   <div class='ocr_carea' id='block_1_3' title="bbox 32 850 1074 2652">
    <p class='ocr_par' dir='ltr' id='par_1_3' title="bbox 71 850 1073 1146">
     <span class='ocr_line' id='line_1_3' title="bbox 71 850 1072 934; baseline 0.006 -26"><span class='ocrx_word' id='word_1_6' title='bbox 71 875 78 908; x_wconf 86' lang='lat' dir='ltr'><strong>t</strong></span> <span class='ocrx_word' id='word_1_7' title='bbox 107 853 166 929; x_wconf 80' lang='lat' dir='ltr'><strong>Te,</strong></span> <span class='ocrx_word' id='word_1_8' title='bbox 189 850 311 925; x_wconf 78' lang='lat' dir='ltr'><strong>seilicet,</strong></span> <span class='ocrx_word' id='word_1_9' title='bbox 333 870 394 908; x_wconf 86' lang='lat' dir='ltr'><strong>esse</strong></span> <span class='ocrx_word' id='word_1_10' title='bbox 416 852 692 931; x_wconf 70' lang='lat' dir='ltr'><strong>occupatissimum,</strong></span> <span class='ocrx_word' id='word_1_11' title='bbox 714 871 759 933; x_wconf 82' lang='lat' dir='ltr'><strong>ep.</strong></span> <span class='ocrx_word' id='word_1_12' title='bbox 781 850 922 934; x_wconf 86' lang='lat' dir='ltr'><strong>DLXlll,</strong></span> <span class='ocrx_word' id='word_1_13' title='bbox 949 850 978 912; x_wconf 65' lang='grc' dir='ltr'><strong>ι.’</strong></span> <span class='ocrx_word' id='word_1_14' title='bbox 994 854 1072 914; x_wconf 84' lang='lat' dir='ltr'><strong>Nul-</strong></span> 
     </span>
     <span class='ocr_line' id='line_1_4' title="bbox 108 955 1073 1041; baseline 0.006 -26"><span class='ocrx_word' id='word_1_15' title='bbox 108 959 169 1015; x_wconf 83' lang='lat' dir='ltr'><strong>ium</strong></span> <span class='ocrx_word' id='word_1_16' title='bbox 189 978 210 1016; x_wconf 87' lang='lat' dir='ltr'><strong><em>a</em></strong></span> <span class='ocrx_word' id='word_1_17' title='bbox 231 972 266 1016; x_wconf 57' lang='lat' dir='ltr'><strong>te&gt;</strong></span> <span class='ocrx_word' id='word_1_18' title='bbox 279 956 446 1016; x_wconf 78' lang='lat' dir='ltr'><em>desideravi</em></span> <span class='ocrx_word' id='word_1_19' title='bbox 465 955 544 1016; x_wconf 84' lang='lat' dir='ltr'><strong>diem</strong></span> <span class='ocrx_word' id='word_1_20' title='bbox 566 957 732 1030; x_wconf 71' lang='lat' dir='ltr'><strong>literanon,</strong></span> <span class='ocrx_word' id='word_1_21' title='bbox 754 956 784 1018; x_wconf 90' lang='lat' dir='ltr'><strong>h.</strong></span> <span class='ocrx_word' id='word_1_22' title='bbox 799 980 824 1018; x_wconf 89' lang='lat' dir='ltr'><strong>e.</strong></span> <span class='ocrx_word' id='word_1_23' title='bbox 839 981 1003 1041; x_wconf 81' lang='lat' dir='ltr'><strong>numquam</strong></span> <span class='ocrx_word' id='word_1_24' title='bbox 1018 961 1073 1021; x_wconf 90' lang='lat' dir='ltr'><strong>de·</strong></span> 
     </span>
     <span class='ocr_line' id='line_1_5' title="bbox 107 1063 975 1146; baseline 0.008 -26"><span class='ocrx_word' id='word_1_25' title='bbox 107 1064 248 1141; x_wconf 67' lang='lat' dir='ltr'><strong>¹odoravi,</strong></span> <span class='ocrx_word' id='word_1_26' title='bbox 269 1084 435 1146; x_wconf 83' lang='lat' dir='ltr'>numquam</span> <span class='ocrx_word' id='word_1_27' title='bbox 455 1067 622 1146; x_wconf 74' lang='lat' dir='ltr'><strong>exspectavi</strong></span> <span class='ocrx_word' id='word_1_28' title='bbox 643 1076 709 1123; x_wconf 86' lang='lat' dir='ltr'><strong>tuus</strong></span> <span class='ocrx_word' id='word_1_29' title='bbox 729 1063 836 1126; x_wconf 82' lang='lat' dir='ltr'><strong>literas.</strong></span> <span class='ocrx_word' id='word_1_30' title='bbox 858 1067 975 1127; x_wconf 73' lang='lat' dir='ltr'><strong>Mansit.</strong></span> 
     </span>
    </p>

    <p class='ocr_par' dir='ltr' id='par_1_4' title="bbox 70 1171 1074 1360">
     <span class='ocr_line' id='line_1_6' title="bbox 70 1171 1073 1254; baseline 0.005 -24"><span class='ocrx_word' id='word_1_31' title='bbox 70 1194 83 1230; x_wconf 71' lang='grc' dir='ltr'><strong><em>ι</em></strong></span> <span class='ocrx_word' id='word_1_32' title='bbox 107 1175 154 1231; x_wconf 77' lang='lat' dir='ltr'><strong>Sic</strong></span> <span class='ocrx_word' id='word_1_33' title='bbox 168 1172 235 1232; x_wconf 90' lang='lat' dir='ltr'><strong>edd.</strong></span> <span class='ocrx_word' id='word_1_34' title='bbox 252 1174 340 1248; x_wconf 73' lang='lat' dir='ltr'><strong>lens,</strong></span> <span class='ocrx_word' id='word_1_35' title='bbox 353 1171 460 1231; x_wconf 90' lang='lat' dir='ltr'><strong>Silberi</strong></span> <span class='ocrx_word' id='word_1_36' title='bbox 474 1171 607 1253; x_wconf 84' lang='lat' dir='ltr'><strong>(Romae</strong></span> <span class='ocrx_word' id='word_1_37' title='bbox 626 1172 732 1254; x_wconf 66' lang='lat'><strong>1490),</strong></span> <span class='ocrx_word' id='word_1_38' title='bbox 747 1172 814 1232; x_wconf 80' lang='lat' dir='ltr'><strong>Aldi</strong></span> <span class='ocrx_word' id='word_1_39' title='bbox 830 1173 904 1234; x_wconf 82' lang='lat'><strong>1513</strong></span> <span class='ocrx_word' id='word_1_40' title='bbox 920 1185 950 1235; x_wconf 90' lang='lat' dir='ltr'><strong>et</strong></span> <span class='ocrx_word' id='word_1_41' title='bbox 964 1176 1073 1237; x_wconf 76' lang='lat' dir='ltr'><strong>Ascen-</strong></span> 
     </span>
     <span class='ocr_line' id='line_1_7' title="bbox 106 1278 1074 1360; baseline 0.007 -25"><span class='ocrx_word' id='word_1_42' title='bbox 106 1282 147 1338; x_wconf 76' lang='lat' dir='ltr'><strong>sii.</strong></span> <span class='ocrx_word' id='word_1_43' title='bbox 170 1279 269 1360; x_wconf 73' lang='lat' dir='ltr'><strong>Vulgo</strong></span> <span class='ocrx_word' id='word_1_44' title='bbox 291 1279 373 1338; x_wconf 83' lang='lat' dir='ltr'><strong>deest</strong></span> <span class='ocrx_word' id='word_1_45' title='bbox 393 1281 469 1349; x_wconf 77' lang='lat' dir='ltr'><strong>nisi3</strong></span> <span class='ocrx_word' id='word_1_46' title='bbox 492 1278 575 1359; x_wconf 87' lang='lat' dir='ltr'><strong>quod</strong></span> <span class='ocrx_word' id='word_1_47' title='bbox 596 1289 696 1338; x_wconf 85' lang='lat' dir='ltr'><strong>tamen</strong></span> <span class='ocrx_word' id='word_1_48' title='bbox 717 1291 786 1340; x_wconf 84' lang='lat' dir='ltr'><strong>ante</strong></span> <span class='ocrx_word' id='word_1_49' title='bbox 800 1280 973 1341; x_wconf 82' lang='lat' dir='ltr'><strong>Sebiitzium</strong></span> <span class='ocrx_word' id='word_1_50' title='bbox 986 1303 1074 1342; x_wconf 82' lang='lat' dir='ltr'><strong>revo-</strong></span> 
     </span>
    </p>

    <p class='ocr_par' dir='ltr' id='par_1_5' title="bbox 64 1385 1074 1577">
     <span class='ocr_line' id='line_1_8' title="bbox 64 1385 1073 1468; baseline 0.006 -23"><span class='ocrx_word' id='word_1_51' title='bbox 64 1455 66 1458; x_wconf 20' lang='lat'><em>⁴</em></span> <span class='ocrx_word' id='word_1_52' title='bbox 106 1389 166 1445; x_wconf 83' lang='lat' dir='ltr'><strong>cari</strong></span> <span class='ocrx_word' id='word_1_53' title='bbox 187 1385 307 1447; x_wconf 81' lang='lat' dir='ltr'><strong>volebat</strong></span> <span class='ocrx_word' id='word_1_54' title='bbox 318 1386 420 1468; x_wconf 80' lang='lat' dir='ltr'><strong>paullo</strong></span> <span class='ocrx_word' id='word_1_55' title='bbox 433 1385 519 1447; x_wconf 78' lang='lat' dir='ltr'><strong>aliter</strong></span> <span class='ocrx_word' id='word_1_56' title='bbox 533 1387 554 1446; x_wconf 92' lang='lat' dir='ltr'><strong>l.</strong></span> <span class='ocrx_word' id='word_1_57' title='bbox 569 1388 605 1446; x_wconf 88' lang='lat' dir='ltr'><strong>F.</strong></span> <span class='ocrx_word' id='word_1_58' title='bbox 620 1387 803 1447; x_wconf 85' lang='lat' dir='ltr'>Gronovius:</span> <span class='ocrx_word' id='word_1_59' title='bbox 822 1389 881 1448; x_wconf 83' lang='lat' dir='ltr'><strong>nisi</strong></span> <span class='ocrx_word' id='word_1_60' title='bbox 893 1392 960 1448; x_wconf 79' lang='lat' dir='ltr'><strong>moi</strong></span> <span class='ocrx_word' id='word_1_61' title='bbox 974 1403 1001 1450; x_wconf 87' lang='lat' dir='ltr'><strong>te</strong></span> <span class='ocrx_word' id='word_1_62' title='bbox 1016 1400 1073 1451; x_wconf 88' lang='lat' dir='ltr'><strong>etc.</strong></span> 
     </span>
     <span class='ocr_line' id='line_1_9' title="bbox 107 1491 1074 1577; baseline 0.008 -27"><span class='ocrx_word' id='word_1_63' title='bbox 107 1493 162 1551; x_wconf 83' lang='lat' dir='ltr'><strong>llic</strong></span> <span class='ocrx_word' id='word_1_64' title='bbox 183 1493 295 1577; x_wconf 78' lang='lat' dir='ltr'><strong>aliquid</strong></span> <span class='ocrx_word' id='word_1_65' title='bbox 316 1493 432 1576; x_wconf 84' lang='lat' dir='ltr'><strong>deesse,</strong></span> <span class='ocrx_word' id='word_1_66' title='bbox 453 1491 608 1555; x_wconf 86' lang='lat' dir='ltr'><strong>deficiente</strong></span> <span class='ocrx_word' id='word_1_67' title='bbox 628 1495 702 1567; x_wconf 84' lang='lat' dir='ltr'><strong>nisi,</strong></span> <span class='ocrx_word' id='word_1_68' title='bbox 724 1505 855 1556; x_wconf 84' lang='lat' dir='ltr'><strong>senserat</strong></span> <span class='ocrx_word' id='word_1_69' title='bbox 875 1499 964 1556; x_wconf 82' lang='lat' dir='ltr'><strong>etium</strong></span> <span class='ocrx_word' id='word_1_70' title='bbox 984 1499 1074 1559; x_wconf 85' lang='lat' dir='ltr'><strong>Lam-</strong></span> 
     </span>
    </p>

    <p class='ocr_par' dir='ltr' id='par_1_6' title="bbox 90 1600 961 1684">
     <span class='ocr_line' id='line_1_10' title="bbox 90 1600 961 1684; baseline 0.006 -26"><span class='ocrx_word' id='word_1_71' title='bbox 90 1600 209 1682; x_wconf 87' lang='lat' dir='ltr'><strong>·binus,</strong></span> <span class='ocrx_word' id='word_1_72' title='bbox 230 1604 281 1682; x_wconf 73' lang='lat' dir='ltr'><strong>qui</strong></span> <span class='ocrx_word' id='word_1_73' title='bbox 303 1612 398 1660; x_wconf 82' lang='lat' dir='ltr'><strong>marte</strong></span> <span class='ocrx_word' id='word_1_74' title='bbox 419 1622 474 1660; x_wconf 91' lang='lat' dir='ltr'><strong>suo</strong></span> <span class='ocrx_word' id='word_1_75' title='bbox 494 1604 642 1684; x_wconf 81' lang='lat' dir='ltr'><strong>rescripsit</strong></span> <span class='ocrx_word' id='word_1_76' title='bbox 661 1624 755 1684; x_wconf 82' lang='lat' dir='ltr'><strong>quom</strong></span> <span class='ocrx_word' id='word_1_77' title='bbox 775 1603 843 1661; x_wconf 81' lang='lat' dir='ltr'><strong>novi</strong></span> <span class='ocrx_word' id='word_1_78' title='bbox 860 1616 887 1663; x_wconf 87' lang='lat' dir='ltr'><strong>te</strong></span> <span class='ocrx_word' id='word_1_79' title='bbox 906 1613 961 1663; x_wconf 72' lang='lat' dir='ltr'><strong>etr„</strong></span> 
     </span>
    </p>

    <p class='ocr_par' dir='ltr' id='par_1_7' title="bbox 65 1686 1072 2006">
     <span class='ocr_line' id='line_1_11' title="bbox 65 1686 1072 1796; baseline 0.004 -28"><span class='ocrx_word' id='word_1_80' title='bbox 65 1710 84 1768; x_wconf 88' lang='lat'>3</span> <span class='ocrx_word' id='word_1_81' title='bbox 96 1707 178 1768; x_wconf 61' lang='lat' dir='ltr'><strong>&#39;Post</strong></span> <span class='ocrx_word' id='word_1_82' title='bbox 191 1709 360 1793; x_wconf 75' lang='lat' dir='ltr'><strong>Othonem,</strong></span> <span class='ocrx_word' id='word_1_83' title='bbox 373 1719 441 1791; x_wconf 87' lang='lat' dir='ltr'><strong>post</strong></span> <span class='ocrx_word' id='word_1_84' title='bbox 454 1721 570 1791; x_wconf 79' lang='lat' dir='ltr'><strong>partem</strong></span> <span class='ocrx_word' id='word_1_85' title='bbox 585 1686 713 1770; x_wconf 81' lang='lat' dir='ltr'><strong>Otbonis</strong></span> <span class='ocrx_word' id='word_1_86' title='bbox 729 1709 783 1789; x_wconf 88' lang='lat' dir='ltr'><strong>(de</strong></span> <span class='ocrx_word' id='word_1_87' title='bbox 798 1731 858 1791; x_wconf 82' lang='lat' dir='ltr'><strong>qua</strong></span> <span class='ocrx_word' id='word_1_88' title='bbox 873 1731 919 1792; x_wconf 89' lang='lat' dir='ltr'><strong>ep.</strong></span> <span class='ocrx_word' id='word_1_89' title='bbox 933 1712 1072 1796; x_wconf 86' lang='lat' dir='ltr'><strong>DLXlll,</strong></span> 
     </span>
     <span class='ocr_line' id='line_1_12' title="bbox 106 1806 1071 1903; baseline 0.008 -28"><span class='ocrx_word' id='word_1_90' title='bbox 106 1817 160 1897; x_wconf 77' lang='grc'><strong>4),</strong></span> <span class='ocrx_word' id='word_1_91' title='bbox 180 1816 252 1876; x_wconf 92' lang='lat' dir='ltr'><strong>nibil</strong></span> <span class='ocrx_word' id='word_1_92' title='bbox 273 1818 366 1898; x_wconf 84' lang='lat' dir='ltr'><strong>magis</strong></span> <span class='ocrx_word' id='word_1_93' title='bbox 393 1806 576 1896; x_wconf 78' lang='lat' dir='ltr'><strong>desiderem,</strong></span> <span class='ocrx_word' id='word_1_94' title='bbox 602 1838 694 1899; x_wconf 85' lang='lat' dir='ltr'><strong>quum</strong></span> <span class='ocrx_word' id='word_1_95' title='bbox 721 1816 843 1879; x_wconf 82' lang='lat' dir='ltr'><strong>Clodiae</strong></span> <span class='ocrx_word' id='word_1_96' title='bbox 870 1815 991 1903; x_wconf 68' lang='lat' dir='ltr'><strong>hortos,</strong></span> <span class='ocrx_word' id='word_1_97' title='bbox 1011 1819 1071 1883; x_wconf 87' lang='lat' dir='ltr'><strong>vid.</strong></span> 
     </span>
     <span class='ocr_line' id='line_1_13' title="bbox 108 1912 917 2006; baseline 0.005 -23"><span class='ocrx_word' id='word_1_98' title='bbox 108 1946 153 2005; x_wconf 86' lang='lat' dir='ltr'><strong>ep.</strong></span> <span class='ocrx_word' id='word_1_99' title='bbox 177 1912 239 2006; x_wconf 81' lang='lat' dir='ltr'><strong>sup.</strong></span> <span class='ocrx_word' id='word_1_100' title='bbox 262 1946 290 1982; x_wconf 89' lang='lat' dir='ltr'><strong>n.</strong></span> <span class='ocrx_word' id='word_1_101' title='bbox 312 1945 340 1984; x_wconf 72' lang='grc' dir='ltr'><strong>α.</strong></span> <span class='ocrx_word' id='word_1_102' title='bbox 542 1946 546 1950; x_wconf 94' lang='grc'><strong><em>·</em></strong></span> <span class='ocrx_word' id='word_1_103' title='bbox 913 1924 917 1930; x_wconf 59' lang='grc'><strong><em>’</em></strong></span> 
     </span>
    </p>

    <p class='ocr_par' dir='ltr' id='par_1_8' title="bbox 64 2030 709 2108">
     <span class='ocr_line' id='line_1_14' title="bbox 64 2030 709 2108; baseline 0.003 -19"><span class='ocrx_word' id='word_1_104' title='bbox 64 2033 86 2108; x_wconf 59' lang='lat'><strong>‘4</strong></span> <span class='ocrx_word' id='word_1_105' title='bbox 106 2033 152 2090; x_wconf 91' lang='lat' dir='ltr'><strong>De</strong></span> <span class='ocrx_word' id='word_1_106' title='bbox 174 2030 301 2091; x_wconf 87' lang='lat' dir='ltr'><strong>Othonis</strong></span> <span class='ocrx_word' id='word_1_107' title='bbox 321 2031 414 2092; x_wconf 86' lang='lat' dir='ltr'><strong>hortis</strong></span> <span class='ocrx_word' id='word_1_108' title='bbox 435 2032 575 2092; x_wconf 80' lang='lat' dir='ltr'><strong>emendis.</strong></span> <span class='ocrx_word' id='word_1_109' title='bbox 598 2033 709 2091; x_wconf 62' lang='lat' dir='ltr'><strong>Iinest.</strong></span> 
     </span>
    </p>

    <p class='ocr_par' dir='ltr' id='par_1_9' title="bbox 65 2137 755 2220">
     <span class='ocr_line' id='line_1_15' title="bbox 65 2137 755 2220; baseline -0.003 -21"><span class='ocrx_word' id='word_1_110' title='bbox 65 2138 85 2199; x_wconf 81' lang='grc'><em>5</em></span> <span class='ocrx_word' id='word_1_111' title='bbox 106 2138 154 2197; x_wconf 77' lang='lat' dir='ltr'><strong>Ad</strong></span> <span class='ocrx_word' id='word_1_112' title='bbox 174 2138 299 2218; x_wconf 58' lang='lat' dir='ltr'><strong>fuitumg·</strong></span> <span class='ocrx_word' id='word_1_113' title='bbox 314 2161 360 2220; x_wconf 87' lang='lat' dir='ltr'><strong>ep.</strong></span> <span class='ocrx_word' id='word_1_114' title='bbox 383 2140 557 2219; x_wconf 61' lang='lat' dir='ltr'><strong>DXXKlll,</strong></span> <span class='ocrx_word' id='word_1_115' title='bbox 584 2161 606 2197; x_wconf 86' lang='lat' dir='ltr'><strong>i.</strong></span> <span class='ocrx_word' id='word_1_116' title='bbox 632 2137 755 2198; x_wconf 80' lang='lat' dir='ltr'><strong>Corrod.</strong></span> 
     </span>
    </p>

    <p class='ocr_par' dir='ltr' id='par_1_10' title="bbox 64 2245 782 2328">
     <span class='ocr_line' id='line_1_16' title="bbox 64 2245 782 2328; baseline 0 -23"><span class='ocrx_word' id='word_1_117' title='bbox 64 2245 86 2305; x_wconf 84' lang='grc'><strong>6</strong></span> <span class='ocrx_word' id='word_1_118' title='bbox 106 2248 249 2327; x_wconf 83' lang='lat' dir='ltr'><strong>Romam,</strong></span> <span class='ocrx_word' id='word_1_119' title='bbox 271 2245 395 2328; x_wconf 66' lang='lat' dir='ltr'><strong>seilicet,</strong></span> <span class='ocrx_word' id='word_1_120' title='bbox 417 2266 462 2327; x_wconf 86' lang='lat' dir='ltr'><strong>ep.</strong></span> <span class='ocrx_word' id='word_1_121' title='bbox 483 2247 610 2324; x_wconf 83' lang='lat' dir='ltr'><strong>DLXX,</strong></span> <span class='ocrx_word' id='word_1_122' title='bbox 637 2268 647 2304; x_wconf 86' lang='grc' dir='ltr'><strong>ι</strong></span> <span class='ocrx_word' id='word_1_123' title='bbox 671 2257 782 2326; x_wconf 84' lang='lat' dir='ltr'><strong>etseq.</strong></span> 
     </span>
    </p>

    <p class='ocr_par' dir='ltr' id='par_1_11' title="bbox 66 2353 1074 2542">
     <span class='ocr_line' id='line_1_17' title="bbox 66 2353 1074 2432; baseline 0.004 -20"><span class='ocrx_word' id='word_1_124' title='bbox 66 2378 83 2432; x_wconf 86' lang='lat'>7</span> <span class='ocrx_word' id='word_1_125' title='bbox 107 2355 237 2428; x_wconf 82' lang='lat' dir='ltr'><strong>Scilicet,</strong></span> <span class='ocrx_word' id='word_1_126' title='bbox 261 2366 298 2415; x_wconf 86' lang='lat' dir='ltr'><strong>ut</strong></span> <span class='ocrx_word' id='word_1_127' title='bbox 318 2353 529 2414; x_wconf 84' lang='lat' dir='ltr'><strong>esuburbuno</strong></span> <span class='ocrx_word' id='word_1_128' title='bbox 557 2357 587 2413; x_wconf 91' lang='lat' dir='ltr'><strong>in</strong></span> <span class='ocrx_word' id='word_1_129' title='bbox 612 2354 718 2414; x_wconf 89' lang='lat' dir='ltr'><strong>urbem</strong></span> <span class='ocrx_word' id='word_1_130' title='bbox 745 2355 865 2413; x_wconf 79' lang='lat' dir='ltr'><strong>redires.</strong></span> <span class='ocrx_word' id='word_1_131' title='bbox 888 2355 1004 2415; x_wconf 62' lang='lat' dir='ltr'><strong>&amp;licitu</strong></span> <span class='ocrx_word' id='word_1_132' title='bbox 1033 2355 1074 2416; x_wconf 86' lang='lat' dir='ltr'><strong>Et</strong></span> 
     </span>
     <span class='ocr_line' id='line_1_18' title="bbox 108 2461 795 2542; baseline 0.001 -21"><span class='ocrx_word' id='word_1_133' title='bbox 108 2462 188 2521; x_wconf 90' lang='lat' dir='ltr'><strong>domi</strong></span> <span class='ocrx_word' id='word_1_134' title='bbox 210 2474 239 2524; x_wconf 90' lang='lat' dir='ltr'><strong>te</strong></span> <span class='ocrx_word' id='word_1_135' title='bbox 261 2461 442 2540; x_wconf 61' lang='lat' dir='ltr'><strong>includeres,</strong></span> <span class='ocrx_word' id='word_1_136' title='bbox 464 2485 510 2542; x_wconf 83' lang='lat' dir='ltr'><strong>ep.</strong></span> <span class='ocrx_word' id='word_1_137' title='bbox 532 2462 699 2539; x_wconf 81' lang='lat' dir='ltr'><strong>DLXXlV,</strong></span> <span class='ocrx_word' id='word_1_138' title='bbox 720 2484 750 2521; x_wconf 70' lang='grc' dir='ltr'><strong>α.</strong></span> <span class='ocrx_word' id='word_1_139' title='bbox 792 2487 795 2497; x_wconf 93' lang='grc'><strong><em>·</em></strong></span> 
     </span>
    </p>

    <p class='ocr_par' dir='ltr' id='par_1_12' title="bbox 32 2558 1073 2652">
     <span class='ocr_line' id='line_1_19' title="bbox 32 2558 1073 2652; baseline -0.002 -22"><span class='ocrx_word' id='word_1_140' title='bbox 32 2609 37 2619; x_wconf 90' lang='lat'><strong>·</strong></span> <span class='ocrx_word' id='word_1_141' title='bbox 65 2570 85 2630; x_wconf 80' lang='lat'><em>8</em></span> <span class='ocrx_word' id='word_1_142' title='bbox 108 2571 238 2651; x_wconf 83' lang='lat' dir='ltr'><strong>Scilicet,</strong></span> <span class='ocrx_word' id='word_1_143' title='bbox 260 2558 523 2652; x_wconf 36' lang='lat' dir='ltr'><strong>rationesstDomi.</strong></span> <span class='ocrx_word' id='word_1_144' title='bbox 539 2564 678 2629; x_wconf 81' lang='lat' dir='ltr'><strong>nimirum</strong></span> <span class='ocrx_word' id='word_1_145' title='bbox 692 2571 823 2647; x_wconf 83' lang='lat' dir='ltr'><strong>Romae,</strong></span> <span class='ocrx_word' id='word_1_146' title='bbox 844 2580 878 2629; x_wconf 93' lang='lat' dir='ltr'><strong>ut</strong></span> <span class='ocrx_word' id='word_1_147' title='bbox 890 2588 955 2652; x_wconf 80' lang='lat' dir='ltr'><strong>sup.</strong></span> <span class='ocrx_word' id='word_1_148' title='bbox 969 2579 1029 2629; x_wconf 83' lang='lat' dir='ltr'><strong>not</strong></span> <span class='ocrx_word' id='word_1_149' title='bbox 1043 2566 1073 2629; x_wconf 85' lang='grc'><strong>6.</strong></span> 
     </span>
    </p>
   </div>
   <div class='ocr_carea' id='block_1_4' title="bbox 486 2796 719 2869">
    <p class='ocr_par' dir='ltr' id='par_1_13' title="bbox 486 2796 719 2869">
     <span class='ocr_line' id='line_1_20' title="bbox 486 2796 719 2869; baseline -0.009 0"><span class='ocrx_word' id='word_1_150' title='bbox 486 2811 649 2869; x_wconf 75' lang='lat' dir='ltr'><strong>nexuit.</strong></span> <span class='ocrx_word' id='word_1_151' title='bbox 718 2796 719 2799; x_wconf 67' lang='lat'>‘</span> 
     </span>
    </p>
   </div>
   <div class='ocr_carea' id='block_1_5' title="bbox 66 2999 1174 4056">
    <p class='ocr_par' dir='ltr' id='par_1_14' title="bbox 72 2999 387 3059">
     <span class='ocr_line' id='line_1_21' title="bbox 72 2999 387 3059; baseline 0.013 -4"><span class='ocrx_word' id='word_1_152' title='bbox 72 3022 80 3055; x_wconf 86' lang='lat' dir='ltr'><strong>i</strong></span> <span class='ocrx_word' id='word_1_153' title='bbox 110 2999 165 3058; x_wconf 75' lang='lat' dir='ltr'><strong>Alii</strong></span> <span class='ocrx_word' id='word_1_154' title='bbox 185 3002 260 3058; x_wconf 80' lang='lat' dir='ltr'><strong>scies</strong></span> <span class='ocrx_word' id='word_1_155' title='bbox 281 3013 387 3059; x_wconf 76' lang='lat' dir='ltr'><strong>asueni.</strong></span> 
     </span>
    </p>

    <p class='ocr_par' dir='ltr' id='par_1_15' title="bbox 66 3105 1174 4056">
     <span class='ocr_line' id='line_1_22' title="bbox 66 3105 1071 3188; baseline -0.003 -25"><span class='ocrx_word' id='word_1_156' title='bbox 66 3127 83 3163; x_wconf 78' lang='lat'>2</span> <span class='ocrx_word' id='word_1_157' title='bbox 107 3107 216 3166; x_wconf 86' lang='lat' dir='ltr'><strong>Sensus</strong></span> <span class='ocrx_word' id='word_1_158' title='bbox 237 3106 285 3165; x_wconf 86' lang='lat' dir='ltr'><strong>bio</strong></span> <span class='ocrx_word' id='word_1_159' title='bbox 305 3120 362 3167; x_wconf 82' lang='lat' dir='ltr'><strong>est:</strong></span> <span class='ocrx_word' id='word_1_160' title='bbox 387 3106 479 3183; x_wconf 87' lang='lat' dir='ltr'><strong>Quod</strong></span> <span class='ocrx_word' id='word_1_161' title='bbox 502 3107 666 3166; x_wconf 82' lang='lat' dir='ltr'><strong>dissimulas</strong></span> <span class='ocrx_word' id='word_1_162' title='bbox 694 3106 775 3188; x_wconf 84' lang='lat' dir='ltr'><strong>apud</strong></span> <span class='ocrx_word' id='word_1_163' title='bbox 802 3127 866 3182; x_wconf 88' lang='lat' dir='ltr'><strong>eos,</strong></span> <span class='ocrx_word' id='word_1_164' title='bbox 893 3105 1071 3184; x_wconf 81' lang='lat' dir='ltr'><strong>quibuscum</strong></span> 
     </span>
     <span class='ocr_line' id='line_1_23' title="bbox 106 3211 1072 3295; baseline -0.004 -24"><span class='ocrx_word' id='word_1_165' title='bbox 106 3216 168 3292; x_wconf 78' lang='lat' dir='ltr'><strong>ugis</strong></span> <span class='ocrx_word' id='word_1_166' title='bbox 188 3213 226 3273; x_wconf 88' lang='lat' dir='ltr'><strong>de</strong></span> <span class='ocrx_word' id='word_1_167' title='bbox 246 3212 354 3295; x_wconf 83' lang='lat' dir='ltr'><strong>hortis,</strong></span> <span class='ocrx_word' id='word_1_168' title='bbox 374 3213 528 3275; x_wconf 84' lang='lat' dir='ltr'><strong>eonsilium</strong></span> <span class='ocrx_word' id='word_1_169' title='bbox 543 3235 644 3274; x_wconf 87' lang='lat' dir='ltr'><strong>meum</strong></span> <span class='ocrx_word' id='word_1_170' title='bbox 665 3214 744 3293; x_wconf 85' lang='lat' dir='ltr'><strong>(Iuni</strong></span> <span class='ocrx_word' id='word_1_171' title='bbox 764 3211 951 3288; x_wconf 79' lang='lat' dir='ltr'><strong>extruendi),</strong></span> <span class='ocrx_word' id='word_1_172' title='bbox 973 3222 1003 3268; x_wconf 88' lang='lat' dir='ltr'><strong>et</strong></span> <span class='ocrx_word' id='word_1_173' title='bbox 1023 3230 1072 3268; x_wconf 90' lang='lat' dir='ltr'><strong>me</strong></span> 
     </span>
     <span class='ocr_line' id='line_1_24' title="bbox 107 3316 1071 3403; baseline -0.003 -26"><span class='ocrx_word' id='word_1_174' title='bbox 107 3341 145 3377; x_wconf 78' lang='lat' dir='ltr'><strong>ex</strong></span> <span class='ocrx_word' id='word_1_175' title='bbox 168 3333 338 3380; x_wconf 84' lang='lat' dir='ltr'><strong>consecrata</strong></span> <span class='ocrx_word' id='word_1_176' title='bbox 359 3321 458 3380; x_wconf 79' lang='lat' dir='ltr'><strong>&#39;l&#39;ulliu</strong></span> <span class='ocrx_word' id='word_1_177' title='bbox 484 3322 660 3380; x_wconf 83' lang='lat' dir='ltr'><strong>levationem</strong></span> <span class='ocrx_word' id='word_1_178' title='bbox 689 3321 800 3381; x_wconf 86' lang='lat' dir='ltr'><strong>doloris</strong></span> <span class='ocrx_word' id='word_1_179' title='bbox 825 3330 946 3403; x_wconf 84' lang='lat' dir='ltr'><strong>petere,</strong></span> <span class='ocrx_word' id='word_1_180' title='bbox 971 3316 1071 3376; x_wconf 87' lang='lat' dir='ltr'><strong>luudo.</strong></span> 
     </span>
     <span class='ocr_line' id='line_1_25' title="bbox 107 3427 1073 3510; baseline -0.002 -27"><span class='ocrx_word' id='word_1_181' title='bbox 107 3428 181 3485; x_wconf 80' lang='lat' dir='ltr'><strong>Nem</strong></span> <span class='ocrx_word' id='word_1_182' title='bbox 202 3440 236 3487; x_wconf 95' lang='lat' dir='ltr'><strong>tu</strong></span> <span class='ocrx_word' id='word_1_183' title='bbox 256 3432 333 3509; x_wconf 87' lang='lat' dir='ltr'><strong>ipse,</strong></span> <span class='ocrx_word' id='word_1_184' title='bbox 354 3428 529 3510; x_wconf 65' lang='lat' dir='ltr'><strong>‹ltinuihoc</strong></span> <span class='ocrx_word' id='word_1_185' title='bbox 556 3431 596 3488; x_wconf 86' lang='lat' dir='ltr'><strong>itu</strong></span> <span class='ocrx_word' id='word_1_186' title='bbox 623 3432 675 3507; x_wconf 85' lang='lat' dir='ltr'><strong>sit,</strong></span> <span class='ocrx_word' id='word_1_187' title='bbox 699 3449 851 3510; x_wconf 81' lang='lat' dir='ltr'><strong>quamque</strong></span> <span class='ocrx_word' id='word_1_188' title='bbox 877 3427 994 3507; x_wconf 86' lang='lat' dir='ltr'><strong>penitus</strong></span> <span class='ocrx_word' id='word_1_189' title='bbox 1015 3443 1073 3503; x_wconf 83' lang='lat' dir='ltr'><strong>ego</strong></span> 
     </span>
     <span class='ocr_line' id='line_1_26' title="bbox 109 3531 1074 3647; baseline -0.001 -58"><span class='ocrx_word' id='word_1_190' title='bbox 109 3532 290 3615; x_wconf 75' lang='lat' dir='ltr'><strong>imbiberint,</strong></span> <span class='ocrx_word' id='word_1_191' title='bbox 312 3536 443 3595; x_wconf 84' lang='lat' dir='ltr'><strong>iudicare</strong></span> <span class='ocrx_word' id='word_1_192' title='bbox 458 3539 566 3612; x_wconf 79' lang='lat' dir='ltr'><strong>neseis,</strong></span> <span class='ocrx_word' id='word_1_193' title='bbox 587 3539 639 3618; x_wconf 90' lang='lat' dir='ltr'><strong>qui</strong></span> <span class='ocrx_word' id='word_1_194' title='bbox 659 3557 714 3647; x_wconf 55' lang='lat' dir='ltr'><strong>nee</strong></span> <span class='ocrx_word' id='word_1_195' title='bbox 733 3538 854 3610; x_wconf 82' lang='lat' dir='ltr'><strong>sentius,</strong></span> <span class='ocrx_word' id='word_1_196' title='bbox 874 3553 929 3591; x_wconf 88' lang='lat' dir='ltr'><strong>nec</strong></span> <span class='ocrx_word' id='word_1_197' title='bbox 950 3531 1074 3588; x_wconf 82' lang='lat' dir='ltr'><strong>senseris·</strong></span> 
     </span>
     <span class='ocr_line' id='line_1_27' title="bbox 109 3635 1075 3721; baseline -0.005 -24"><span class='ocrx_word' id='word_1_198' title='bbox 109 3660 212 3718; x_wconf 77' lang='lat' dir='ltr'><strong>parem</strong></span> <span class='ocrx_word' id='word_1_199' title='bbox 225 3640 368 3702; x_wconf 85' lang='lat' dir='ltr'><strong>dolorem.</strong></span> <span class='ocrx_word' id='word_1_200' title='bbox 385 3643 513 3703; x_wconf 80' lang='lat' dir='ltr'><strong>Gronov.</strong></span> <span class='ocrx_word' id='word_1_201' title='bbox 535 3645 680 3703; x_wconf 86' lang='lat' dir='ltr'><strong>Nimirum</strong></span> <span class='ocrx_word' id='word_1_202' title='bbox 695 3645 825 3719; x_wconf 78' lang='lat' dir='ltr'><strong>Atticus,</strong></span> <span class='ocrx_word' id='word_1_203' title='bbox 839 3661 933 3721; x_wconf 86' lang='lat' dir='ltr'><strong>quum</strong></span> <span class='ocrx_word' id='word_1_204' title='bbox 949 3637 987 3695; x_wconf 92' lang='lat' dir='ltr'><strong>de</strong></span> <span class='ocrx_word' id='word_1_205' title='bbox 1002 3635 1075 3693; x_wconf 89' lang='lat' dir='ltr'><strong>hor-</strong></span> 
     </span>
     <span class='ocr_line' id='line_1_28' title="bbox 111 3730 1174 3829; baseline -0.003 -26"><span class='ocrx_word' id='word_1_206' title='bbox 111 3749 145 3803; x_wconf 90' lang='lat' dir='ltr'><strong>tis</strong></span> <span class='ocrx_word' id='word_1_207' title='bbox 166 3746 296 3806; x_wconf 79' lang='lat' dir='ltr'><strong>eruendis</strong></span> <span class='ocrx_word' id='word_1_208' title='bbox 317 3750 443 3829; x_wconf 77' lang='lat' dir='ltr'><strong>egebat,</strong></span> <span class='ocrx_word' id='word_1_209' title='bbox 464 3730 798 3810; x_wconf 73' lang='lat' dir='ltr'><strong>oectdtubutliieeronis</strong></span> <span class='ocrx_word' id='word_1_210' title='bbox 812 3745 1022 3827; x_wconf 72' lang='lat' dir='ltr'><strong>cupiditatem,</strong></span> <span class='ocrx_word' id='word_1_211' title='bbox 1042 3753 1076 3801; x_wconf 90' lang='lat' dir='ltr'><strong>ut</strong></span> <span class='ocrx_word' id='word_1_212' title='bbox 1168 3777 1174 3790; x_wconf 92' lang='lat'><strong>·</strong></span> 
     </span>
     <span class='ocr_line' id='line_1_29' title="bbox 109 3850 1076 3937; baseline -0.002 -29"><span class='ocrx_word' id='word_1_213' title='bbox 109 3851 256 3912; x_wconf 72' lang='lat' dir='ltr'><strong>salubrius</strong></span> <span class='ocrx_word' id='word_1_214' title='bbox 276 3877 375 3915; x_wconf 68' lang='lat' dir='ltr'><strong>enitere</strong></span> <span class='ocrx_word' id='word_1_215' title='bbox 397 3869 503 3937; x_wconf 66' lang='lat' dir='ltr'><strong>posu</strong></span> <span class='ocrx_word' id='word_1_216' title='bbox 526 3858 679 3917; x_wconf 82' lang='lat' dir='ltr'><strong>Ernestius</strong></span> <span class='ocrx_word' id='word_1_217' title='bbox 693 3856 803 3918; x_wconf 85' lang='lat' dir='ltr'><strong>delevit</strong></span> <span class='ocrx_word' id='word_1_218' title='bbox 816 3865 890 3912; x_wconf 81' lang='lat' dir='ltr'><strong>reete</strong></span> <span class='ocrx_word' id='word_1_219' title='bbox 906 3850 995 3928; x_wconf 81' lang='lat' dir='ltr'><strong>vulgo</strong></span> <span class='ocrx_word' id='word_1_220' title='bbox 1008 3859 1076 3906; x_wconf 73' lang='lat' dir='ltr'><strong>aitte</strong></span> 
     </span>
     <span class='ocr_line' id='line_1_30' title="bbox 115 3959 1075 4056; baseline -0.004 -37"><span class='ocrx_word' id='word_1_221' title='bbox 115 3962 189 4019; x_wconf 81' lang='lat' dir='ltr'><strong>oiibi</strong></span> <span class='ocrx_word' id='word_1_222' title='bbox 219 3963 419 4043; x_wconf 70' lang='lat' dir='ltr'><strong>iurulentum,</strong></span> <span class='ocrx_word' id='word_1_223' title='bbox 449 3965 539 4045; x_wconf 85' lang='lat' dir='ltr'><strong>idque</strong></span> <span class='ocrx_word' id='word_1_224' title='bbox 570 3970 629 4023; x_wconf 85' lang='lat' dir='ltr'><strong>iuni</strong></span> <span class='ocrx_word' id='word_1_225' title='bbox 656 3970 685 4025; x_wconf 92' lang='lat' dir='ltr'><strong>iu</strong></span> <span class='ocrx_word' id='word_1_226' title='bbox 715 3965 783 4027; x_wconf 81' lang='lat' dir='ltr'><strong>edit.</strong></span> <span class='ocrx_word' id='word_1_227' title='bbox 808 3963 895 4056; x_wconf 67' lang='lat' dir='ltr'><strong>llum.</strong></span> <span class='ocrx_word' id='word_1_228' title='bbox 923 3959 1075 4043; x_wconf 77' lang='lat' dir='ltr'><strong>omissum.</strong></span> 
     </span>
    </p>
   </div>
   <div class='ocr_carea' id='block_1_6' title="bbox 157 4081 955 4149">
    <p class='ocr_par' dir='ltr' id='par_1_16' title="bbox 157 4081 955 4149">
     <span class='ocr_line' id='line_1_31' title="bbox 157 4081 955 4149; baseline 0.006 -4"><span class='ocrx_word' id='word_1_229' title='bbox 157 4087 261 4147; x_wconf 78' lang='lat' dir='ltr'><strong>Cicer.</strong></span> <span class='ocrx_word' id='word_1_230' title='bbox 286 4085 338 4145; x_wconf 80' lang='lat' dir='ltr'><strong>IX.</strong></span> <span class='ocrx_word' id='word_1_231' title='bbox 360 4122 398 4132; x_wconf 91' lang='lat'>-</span> <span class='ocrx_word' id='word_1_232' title='bbox 422 4088 495 4146; x_wconf 77' lang='lat' dir='ltr'><strong>Leti.</strong></span> <span class='ocrx_word' id='word_1_233' title='bbox 523 4087 554 4146; x_wconf 88' lang='lat' dir='ltr'><strong>T.</strong></span> <span class='ocrx_word' id='word_1_234' title='bbox 580 4089 674 4149; x_wconf 86' lang='lat' dir='ltr'><em>VIII.</em></span> <span class='ocrx_word' id='word_1_235' title='bbox 917 4081 955 4141; x_wconf 86' lang='lat'><strong>30</strong></span> 
     </span>
    </p>
   </div>
   <div class='ocr_carea' id='block_1_7' title="bbox 0 0 1336 4822">
    <p class='ocr_par' dir='ltr' id='par_1_17' title="bbox 0 0 1336 4822">
     <span class='ocr_line' id='line_1_32' title="bbox 0 0 1336 4822; baseline 0 0"><span class='ocrx_word' id='word_1_236' title='bbox 0 0 1336 4822; x_wconf 95' lang='lat' dir='ltr'><strong> </strong></span> 
     </span>
    </p>
   </div>
  </div>
 </body>
</html>
