2648 4822
162 436 230 527 ¹⁶4
499 448 670 496 nrsrou
694 447 797 496 om.
850 430 854 443 '
931 445 964 494 u.
980 448 1015 496 v.
1033 447 1062 500 c,
1081 447 1128 511 ,σε

580 675 726 750 DLXV·
896 717 952 774 (ra
967 717 1022 764 ori.
1039 717 1082 776 ιν,
1097 719 1128 772 o)

153 862 371 940 Argumentum.
394 855 565 937 Respondet
584 854 749 913 consolanri
771 851 921 933 Sulpicio,
953 865 1074 933 gratum
1096 853 1150 912 sibi

194 969 259 1027 eius
278 964 413 1026 officium
433 962 541 1032 luisse,
567 982 623 1020 uec
649 959 680 1018 id
700 962 809 1040 exiguo
829 958 942 1018 doloris
963 958 1150 1034 levameu103

193 1075 305 1137 nemini
328 1091 415 1140 vero,
429 1090 520 1151 quum
534 1066 606 1137 sibi,
622 1069 759 1126 iustiores
778 1064 899 1125 dolendi
920 1086 1026 1126 causas
1048 1066 1150 1141 fuisse3

194 1183 355 1239 maximum
376 1188 476 1236 tamen
497 1172 553 1234 ubi
573 1173 753 1234 levationem
774 1192 809 1233 ex
830 1170 929 1232 reditu
949 1183 979 1232 et
994 1183 1150 1234 consuetur

193 1285 263 1344 diue
284 1283 409 1366 Sulpicii
430 1282 503 1342 fore.

304 1517 359 1568 Ser.
378 1517 486 1567 Asturae
503 1515 536 1565 Δ.
552 1511 586 1564 V.
604 1512 634 1564 (ἶ.
653 1511 803 1578 occvlll,
821 1528 907 1564 meuse
924 1511 1004 1572 Maio,

335 1717 379 1778 Ill.
395 1716 432 1777 T.
454 1711 597 1776 clamo
623 1712 705 1775 suli.
730 1711 912 1776 SVLPICIO
938 1711 968 1780 S.

205 1933 282 2027 Ego
309 1945 436 2028 veru1,
461 1928 577 2027 Servi,
602 1926 750 2027 vellem,
772 1941 814 1999 ut
837 1926 980 2025 scribis,
1009 1929 1047 2000 in
1072 1953 1148 2001 meo

155 2056 360 2154 gravissimo
378 2080 459 2127 casu
477 2053 640 2128 affuisses.
655 2054 836 2146 Quantum
852 2055 943 2126 enim
962 2072 1148 2154 praeseno²

153 2207 212 2253 me
237 2180 403 2255 adiuvare
428 2183 584 2280 potueris
609 2195 645 2253 et
664 2179 897 2280 consolando,
911 2195 948 2253 et
967 2207 1081 2281 prope
1098 2207 1150 2253 ae·

154 2334 222 2409 que
249 2306 419 2405 dolendo,
443 2306 543 2381 facile
569 2334 612 2381 ex
637 2333 680 2380 eo
704 2306 877 2405 intelligo,
900 2307 1018 2408 quod,
1042 2307 1149 2381 literis

153 2436 223 2507 tuie
247 2433 347 2507 lectis
361 2436 388 2535 ³,
412 2433 627 2536 aliquantum
652 2435 820 2535 acquievi.
846 2433 935 2504 Nam
954 2446 991 2504 et
1007 2459 1048 2505 ea
1065 2434 1149 2506 seri-

152 2561 274 2659 psisti,
297 2586 386 2662 quae
411 2560 527 2634 levare
551 2560 685 2633 luctum
710 2572 869 2658 possent,
885 2571 921 2630 et
936 2559 973 2630 iu
990 2585 1047 2631 me
1065 2584 1149 2632 cou-

152 2683 302 2758 eolando
326 2711 400 2758 nou
425 2685 637 2759 mediocrem
657 2687 733 2784 ipse
752 2686 858 2757 animi
875 2683 1033 2758 dolorem
1051 2683 1150 2757 adhi-

152 2806 269 2880 buisti.
294 2808 435 2882 Servius
460 2823 578 2883 tamen
600 2811 710 2883 tuusl
726 2809 888 2884 omnibus
904 2811 1044 2912 officiis,
1061 2839 1149 2913 quae

152 2930 203 3004 illi
227 2934 379 3033 tempori
404 2934 510 3009 tribui
530 2950 736 3037 potuerunt,
753 2936 958 3037 declaravit,
976 2953 1013 3011 et
1028 2939 1151 3040 quanti

152 3056 230 3156 ipse
254 3083 311 3131 me
336 3059 486 3162 faceret,
518 3075 554 3136 et
587 3090 692 3165 quarn
725 3091 826 3137 suurn
857 3063 962 3138 talem
987 3091 1068 3164 erga
1093 3090 1150 3138 me

154 3183 309 3256 animum
334 3185 399 3258 tibi
424 3202 559 3286 gratum
584 3204 724 3289 putaret
748 3191 836 3264 fore:
854 3192 951 3263 cuius
969 3191 1085 3264 officia
1100 3194 1150 3263 iu·

154 3307 324 3385 cuudiora
348 3311 514 3386 scilieet⁵
539 3341 644 3415 saepe
669 3316 754 3390 mihi
778 3317 930 3418 fuerunt,
957 3344 1151 3419 numquam

153 3444 272 3507 tamen
297 3438 456 3534 gratiora.
489 3441 547 3512 Me
573 3456 689 3516 autem
713 3469 787 3518 non
811 3446 925 3518 oratio
950 3458 1011 3518 tua
1036 3445 1150 3519 solum

151 3569 190 3630 et
213 3561 363 3634 societas
389 3587 499 3662 paene
524 3568 764 3669 aegritudinis,
783 3570 848 3643 sed
871 3571 976 3644 eiiam
1001 3572 1151 3647 auctori·

153 3694 207 3787 tas
232 3685 441 3760 consolatur.
460 3689 580 3792 Turpe
605 3696 698 3768 enim
719 3722 794 3771 esse
811 3698 987 3797 existimo,
1004 3725 1061 3772 me
1077 3727 1151 3777 nou

151 3809 200 3882 ila
225 3809 314 3885 ferre
338 3838 458 3887 casum
483 3844 617 3920 meum,
633 3836 674 3895 ut
691 3836 745 3921 tu,
769 3823 832 3896 tali
855 3823 1027 3926 sapientia
1052 3852 1151 3928 prae-

152 3935 262 4036 ditus,
292 3938 474 4023 ferendum
507 3959 619 4044 putas.
649 3947 720 4022 Sed
744 3951 927 4052 opprimor
950 3951 1150 4052 interdum,
