2648 4822
251 414 320 485 128
594 434 763 484 arrarum
789 436 869 486 unv.
1017 436 1048 486 a
1067 440 1101 493 v.
1118 440 1146 489 c.
1167 438 1213 500 „a

388 663 442 714 Ser.
460 665 567 712 Asturae
584 660 615 714 Α.
633 659 668 711 V.
685 659 714 713 C.
731 659 881 727 uccvtu,
899 677 985 716 menae
1005 661 1095 731 Aprili.

213 872 218 882 ·
343 851 385 913 Μ.
410 851 446 914 Τ.
470 848 613 914 CICERO
638 848 673 913 C.
697 847 860 915 CAESARI
884 849 966 917 litu.
990 849 1021 914 S.
1045 851 1079 914 P.
1102 852 1142 915 D.

291 1038 330 1110 Ρ.
355 1039 548 1112 Crassum¹
575 1036 737 1110 exomni
768 1034 950 1109 nobilitate
980 1035 1238 1113 adolescentem

245 1161 350 1239 dilexi
374 1163 578 1263 plurimum:
604 1176 640 1235 et
665 1161 709 1234 de
735 1185 792 1260 aa,
817 1188 924 1263 quum
942 1161 986 1236 ab
1004 1163 1147 1239 incunte
1165 1166 1237 1243 eius

243 1304 356 1363 aetate
380 1289 470 1362 bene
495 1289 744 1390 speravissem,
769 1300 843 1359 tum
861 1312 926 1387 per
943 1305 1025 1373 ωε·
1043 1290 1238 1364 existimare

243 1419 362 1517 coepi,
377 1416 420 1487 iis
435 1415 590 1513 iudiciis,
615 1439 703 1514 quae
729 1412 773 1484 de
797 1438 840 1486 eo
865 1412 1032 1513 feceram,
1051 1417 1201 1513 cognitis
1214 1418 1237 1488 ³.

120 1634 123 1643 Ι
241 1544 327 1617 Eius
344 1539 506 1613 libertum
524 1539 749 1639 Apollonium
767 1539 837 1609 iam
855 1552 928 1611 turn
947 1540 1120 1640 equidem,
1131 1568 1238 1642 quum

242 1665 299 1737 ille
325 1667 472 1765 vireret,
497 1680 532 1739 et
558 1666 674 1763 magni
691 1664 861 1737 faciebam
878 1678 914 1737 et
930 1665 1135 1766 probabam.
1152 1669 1238 1742 Erat

242 1793 335 1865 euim
361 1805 397 1863 ot
420 1790 596 1865 studiosus
613 1791 748 1889 Crassi,
774 1804 810 1863 et
835 1791 881 1864 ad
906 1792 980 1864 eius
1004 1793 1141 1892 optima
1166 1806 1238 1866 stu-

243 1917 299 1989 dia
333 1917 558 1991 veliementer
595 1931 707 2016 aptus.
740 1918 862 2017 Itaque
896 1917 940 1989 ab
973 1945 1015 1989 eo
1048 1917 1237 1991 admodum

242 2041 457 2140 diligebatur.
483 2044 571 2116 Post
595 2057 746 2114 mortem
771 2057 888 2115 autem
914 2045 1028 2117 Crassi
1039 2042 1066 2142 l,
1090 2068 1134 2117 eo
1152 2043 1236 2115 mihi

240 2169 346 2241 ctiam
378 2170 515 2267 dignior
551 2171 646 2241 visus
672 2182 747 2265 est,
785 2195 889 2269 quem
924 2171 960 2242 in
993 2169 1099 2242 fidem
1131 2184 1236 2271 atquc

240 2295 425 2368 amicitiam
464 2322 578 2367 meam
614 2294 831 2394 reciperem,
871 2294 1006 2395 quod⁵
1044 2320 1105 2367 eos
1142 2322 1161 2367 a
1198 2322 1235 2367 sa

239 2419 476 2496 observandos
501 2437 536 2494 ct
562 2419 729 2494 colendos
755 2419 925 2520 putabat,
954 2445 1042 2520 quos
1067 2418 1124 2491 ille
1149 2418 1234 2492 dile·

224 2549 359 2644 ·xisset,
392 2563 427 2620 et
460 2548 585 2648 quibus
618 2573 718 2619 carus
743 2545 871 2617 suisset.
900 2548 1022 2646 Itaque
1048 2557 1083 2616 et
1108 2543 1154 2617 ad
1179 2571 1234 2617 me

238 2673 275 2745 in
302 2675 488 2745 Ciliciam⁶
514 2675 628 2769 veuit,
651 2670 839 2770 multisque
864 2672 901 2743 in
926 2670 1029 2743 rebus
1055 2670 1141 2741 milri
1165 2697 1234 2743 rna·

239 2824 308 2895 gno
334 2800 410 2869 usui
436 2799 501 2869 suit
527 2812 562 2868 ct
587 2797 673 2868 fides
700 2798 788 2895 eius,
818 2811 854 2868 et
878 2796 1082 2895 prudentia,
1114 2811 1171 2894 et,
1196 2811 1234 2866 ut

238 2924 381 3022 opinor,
406 2922 469 2994 tibi
493 2926 530 2993 iu
555 2922 793 2998 Alexandrino
817 2922 929 3021 bella,
960 2937 1129 3024 quantum
1162 2938 1233 2996 stu-

237 3048 297 3119 dio
324 3062 359 3119 et
379 3046 545 3120 fidelitate
567 3050 732 3150 consequi
750 3051 884 3148 potuit,
901 3074 974 3121 non
991 3049 1108 3121 deluit.
1127 3048 1232 3140 Quod

236 3200 342 3275 quum
368 3188 545 3274 speraret,
571 3189 605 3246 te
631 3201 771 3276 quoque
796 3176 845 3247 ita
872 3175 1084 3269 existimare,
1109 3175 1144 3244 in
1170 3175 1232 3245 lli-

233 3301 391 3399 spaniam
418 3299 463 3372 ad
488 3313 540 3397 te,
562 3301 713 3372 maxime
738 3298 795 3372 ille
822 3299 964 3400 quidem
989 3325 1053 3371 suo
1073 3299 1232 3396 consiliu,

233 3423 295 3496 sed
321 3427 424 3497 etiam
450 3451 505 3496 mc
532 3439 674 3498 auctore
696 3438 750 3497 est
766 3425 953 3526 profectus.
971 3425 1036 3497 Cui
1054 3450 1119 3522 ego
1138 3449 1232 3497 com-

231 3550 493 3623 mendationem
520 3575 593 3622 non
618 3577 695 3622 sum
721 3549 918 3651 pollicitus,
946 3576 1017 3623 non
1044 3551 1128 3652 quiu
1154 3576 1230 3622 eam

233 3671 415 3747 valituram
454 3674 550 3774 apud
589 3688 624 3746 te
661 3675 865 3774 arbitrarer,
904 3676 966 3747 sed
997 3701 1111 3777 neque
1144 3675 1230 3747 mihi

234 3824 333 3897 egere
358 3798 662 3873 commendatione
687 3800 894 3898 videbatur,
930 3801 990 3903 qui
1015 3802 1111 3873 etin
1136 3799 1229 3874 bello

236 3941 350 4001 tecum
382 3927 522 4025 luisset,
559 3939 595 3999 et
627 3941 772 4027 propter
803 3928 1007 4002 memoriam
1039 3929 1157 4002 Crassi
1185 3927 1227 4003 de
