2648 4822
457 472 495 521 ra
521 468 713 520 arrsroass
1020 444 1087 519 521

121 574 245 655 vitans),
267 582 297 634 et
315 574 465 656 Diogenes
487 575 624 634 Laertius
643 574 673 631 in
687 571 813 632 Platone
834 570 889 653 lll,
911 568 952 632 38
975 580 1094 649 narrat,

118 680 304 743 Dicaearcho
323 680 481 742 Platonem
502 681 613 756 stylum
634 680 769 741 Phaedri
793 682 839 741 sui
859 699 921 739 non
940 677 1092 761 probasse.

115 790 159 850 Er
174 810 234 870 quo
247 788 428 868 Mongaltius
443 790 594 870 opinatur,
607 785 827 846 Dicaearchum
842 785 880 846 de
892 785 945 864 iis,
957 805 1037 867 quae
1049 805 1094 846 re·

116 896 255 958 mendant
268 900 298 956 in
313 895 452 957 Phaedro
467 897 623 978 scripsisse.
638 895 700 955 Pro
722 901 837 980 antipas
854 904 992 979 erepturus
1011 892 1094 953 Tho·

116 1027 181 1064 mas
201 1005 356 1065 Reinesius
377 1003 482 1085 (Varr.
505 1005 587 1064 Lect
608 1004 665 1084 lll,
686 1005 721 1080 a)
744 1005 882 1064 coniiecit
900 1008 1013 1088 Φαῖδρα)
1029 1011 1093 1088 περὶ

115 1123 205 1191 Boos,
223 1110 357 1171 Phaedri
376 1133 452 1192 opus
467 1109 505 1170 de
518 1111 598 1170 Diis.
619 1109 681 1170 Sed
696 1109 864 1192 manifeste,
886 1113 982 1192 inquit
995 1110 1092 1171 Erne-

116 1223 205 1295 stins,
226 1218 275 1278 hic
295 1218 378 1278 loom
399 1229 558 1300 corruptus
578 1229 631 1278 est.
658 1218 783 1278 Corrad.
807 1223 921 1302 antipas
938 1228 1003 1302 arpi
1020 1229 1091 1302 ὁρῶν
1114 1295 1123 1303 ι

116 1343 168 1402 τῆς
186 1331 329 1400 ‘Ellelum
344 1326 450 1386 Lamb·
466 1333 579 1412 Φαίδρου
593 1336 657 1412 arpi
668 1335 740 1412 ὅρων
752 1342 806 1401 τῆς
819 1324 1009 1403 ‘attetmab
1023 1324 1091 1387 edd.

117 1435 171 1494 Bo.
195 1433 302 1494 aldim
327 1445 357 1493 et
385 1433 475 1494 Hera.
500 1433 609 1495 absunt
629 1435 723 1496 verba
746 1445 883 1517 rapturos
901 1446 932 1495 et
952 1441 1090 1510 Ἑλλάδος.

502 1675 668 1736 Dcxxlv.

79 1885 89 1922 1
114 1863 327 1944 interrogative
347 1862 406 1922 hoc
426 1864 620 1946 capiendum:
644 1865 804 1924 Caesarem
826 1864 866 1926 ad
890 1864 987 1926 bonos
1008 1868 1089 1926 viros

113 1971 191 2053 (scil.
209 1971 249 2031 ad
262 1973 436 2056 optimates)
456 1970 645 2034 rediturum?
660 1972 725 2034 Vbi
736 1970 815 2033 eor?
834 1973 981 2055 intellige,
1003 1981 1104 2057 repe-'

114 2083 178 2140 riet
199 2080 312 2141 Erma.
333 2082 454 2142 Rectius
475 2090 621 2162 ιῡαγγὶλια
638 2080 775 2169 absolute
795 2087 935 2164 ponitur,
948 2104 1040 2165 quam
1055 2094 1089 2144 ut

113 2188 217 2248 Bosius
237 2188 323 2267 fecit,
344 2192 396 2270 qui
417 2210 487 2249 cum
508 2187 713 2271 superioribus
735 2191 902 2249 coniunxit:
928 2189 1089 2250 Gaesarem

114 2294 158 2355 ad
169 2297 262 2356 bonos
279 2297 356 2356 viros
377 2305 540 2377 mentha?
561 2296 620 2356 scil.
635 2294 815 2357 missurum?
833 2299 991 2379 nimirum,
1005 2296 1090 2378 quod

114 2402 178 2463 illos
199 2402 303 2464 iubeat
322 2405 353 2463 in
372 2405 500 2484 patriam
521 2402 629 2463 redire.
651 2402 738 2463 Hanc
752 2403 907 2485 epistolam
923 2403 1089 2466 Lambinus

115 2513 261 2592 superiori
282 2511 428 2592 adiungit.
722 2509 724 2513 ’

65 2610 91 2676 ¹2
113 2617 243 2697 Scilicet,
263 2630 298 2679 ut
317 2617 357 2678 ad
378 2618 487 2678 inferos
508 2620 623 2696 veniat,
649 2617 703 2679 ubi
723 2617 820 2679 bonos
840 2621 919 2680 viros
946 2623 1086 2701 reperiat.

113 2725 175 2786 Hic
189 2740 302 2812 autem,
317 2727 480 2786 urracham
494 2725 554 2786 est!
573 2729 614 2786 sic
631 2724 710 2787 bene
724 2725 898 2787 Tunstallus
912 2726 998 2809 (pag.
1014 2731 1091 2811 aa),

112 2834 160 2893 hic
180 2848 279 2895 autem
299 2833 396 2894 bonos
417 2837 496 2895 viros
523 2855 668 2915 quaerere
696 2848 727 2895 ut
753 2836 871 2894 strrltum
897 2832 965 2895 ert?
990 2846 1022 2896 et
1046 2838 1088 2897 sic

113 2944 211 3003 inveni
234 2946 264 3002 in
284 2942 421 3003 Ambros.
448 2942 491 3004 16.
514 2943 630 3024 Vulgo:
652 2957 685 3003 ut
693 2943 809 3025 fultum
822 2958 879 3027 ert,
893 2943 978 3026 quod
992 2944 1089 3005 Grae·

113 3053 192 3131 vius,
213 3054 257 3111 uti
271 3062 406 3134 poterat,
427 3051 610 3134 explicabat:
625 3050 749 3130 scilicet,
764 3055 827 3112 eius
843 3054 1018 3134 imperium,
1031 3054 1090 3112 mi·

112 3157 178 3239 lite,
192 3160 310 3242 amicis,
324 3163 452 3241 pecnnia
464 3158 574 3219 fultum
588 3170 640 3220 est.
654 3159 819 3220 Lambinus
833 3160 934 3241 utfuit
945 3174 1022 3232 tum,
1037 3172 1090 3219 est.

73 3263 91 3324 3
113 3265 199 3349 Opus
227 3269 395 3348 ingeniose,
422 3285 601 3346 summoque
628 3266 728 3326 studio
756 3266 959 3345 elaboratum,
986 3268 1087 3326 cuius·

111 3374 195 3433 modi
216 3385 302 3435 erant
328 3384 444 3434 statuae
465 3374 579 3435 Ahalae
600 3385 630 3435 et
650 3376 735 3435 Bruti
756 3385 939 3435 assertorum
964 3372 1088 3433 liberta·

111 3485 148 3541 tis
174 3482 279 3564 populi
300 3483 401 3563 Rom,
428 3503 502 3563 quas
527 3483 640 3542 Atticus
666 3481 801 3543 habebat
828 3485 858 3541 in
885 3479 1087 3542 Parthenone.

112 3588 189 3668 Vbi,
210 3592 321 3670 inquit,
342 3600 387 3650 est
406 3610 483 3671 opus
504 3589 577 3649 illud
603 3587 812 3670 artificiosum,
836 3587 922 3670 quod
943 3590 1006 3670 ipse
1027 3585 1088 3647 vidi

112 3697 142 3755 in
162 3695 354 3757 Parthenone
375 3708 443 3779 tuo,
465 3718 561 3778 quum
586 3699 697 3758 Brutus
725 3698 838 3757 diceret
864 3717 896 3756 ae
923 3697 1038 3755 moveri
1059 3705 1090 3755 et

113 3805 232 3862 excitari
254 3804 317 3861 eius
338 3815 461 3885 aspectu
482 3803 522 3864 ad
543 3803 732 3866 liberandam
752 3802 912 3880 tyrannide
927 3824 992 3862 rem
1005 3800 1089 3885 publ.

115 3909 254 3990 exemplo
281 3910 396 3988 gentilis
422 3915 468 3972 aui
489 3914 523 3972 L.
552 3913 628 3973 lunii
655 3914 740 3973 Bruti
768 3924 798 3973 et
823 3911 939 3971 Servilii
960 3909 1095 3977 Ahalae?

115 4015 237 4075 Bostar.
260 4015 399 4095 lntelligit
426 4029 551 4081 stemma
577 4020 663 4082 Bruti
691 4018 732 4080 ab
751 4021 850 4081 Attico
877 4019 1092 4101 compositum,
