2648 4822
216 425 290 520 348
547 443 721 493 arrsrona
748 444 892 493 ncxxxv.
999 442 1031 493 t.
1046 445 1081 494 v.
1097 447 1128 493 c.
1146 443 1196 508 με

214 551 318 625 alieni
355 549 616 621 iniustissimam
653 546 872 620 iracundiam
907 545 992 618 mihi
1025 548 1217 622 curandam

212 677 345 777 putavi.
373 675 478 748 Gallo
504 687 621 745 autern
648 675 803 770 narravi,
832 674 1124 772 quamproxime
1149 677 1218 747 llo·

211 828 290 875 mae
317 801 387 899 sui,
412 800 498 900 quid
524 801 698 871 audissem
719 815 766 897 ¹⁰3
792 825 905 898 neque
931 772 1109 872 nominavi
1135 800 1217 873 Bal-

209 925 296 1000 bum
321 928 503 999 minorem.
529 925 664 998 Habuit
696 952 798 997 suum
828 926 1007 1023 negotium
1035 925 1157 998 Gallus
1176 942 1216 1024 ¹¹,

210 1067 252 1126 ut
275 1053 405 1126 scribit.
433 1054 494 1125 Ait
520 1051 633 1149 illum,
658 1078 714 1124 me
739 1053 846 1122 animi
871 1052 1101 1149 conscientia,
1118 1051 1216 1153 quod

208 1175 401 1253 Phameam
430 1178 681 1274 destituissem,
708 1177 753 1248 de
778 1203 816 1249 ae
841 1177 1010 1277 suspicari
1031 1193 1069 1248 ¹².
1096 1178 1214 1268 Quare

209 1302 276 1376 tibi
300 1303 472 1376 hactenus
505 1303 658 1401 mando,
696 1302 739 1374 de
774 1302 834 1375 illo
866 1316 990 1376 nostro
1010 1304 1050 1399 ¹³,
1075 1303 1104 1374 ai
1130 1303 1214 1403 quid

115 1415 118 1419 ,
209 1430 362 1533 poteris,
397 1431 577 1530 exquiras3
615 1428 659 1500 de
691 1454 748 1500 me
782 1453 827 1500 ne
861 1427 947 1529 quid
977 1427 1123 1500 labores.
1150 1430 1215 1500 Est

208 1551 362 1652 bellum,
395 1554 547 1654 aliquem
571 1553 722 1626 libenter
747 1553 885 1652 odisse,
918 1551 1214 1653 quemadmodum

208 1704 283 1752 non
320 1679 484 1752 omnibus
517 1680 646 1752 servire
666 1677 705 1750 ¹4.
745 1680 824 1751 Etsi
858 1678 1076 1776 mehercule,
1106 1692 1147 1749 ut
1174 1691 1213 1749 tu

208 1803 387 1903 intelligia,
412 1805 523 1903 magia
548 1803 635 1878 mihi
660 1805 719 1878 isti
737 1807 767 1856 ¹⁵
793 1807 965 1903 serviunt,
981 1806 1010 1878 si
1027 1803 1212 1877 observare

208 1930 338 2004 servire
364 1943 425 2003 est.

584 2179 827 2255 noxxxvr.
936 2223 990 2282 (A,
1005 2224 1056 2268 m„
1074 2223 1187 2282 vm

196 2355 427 2438 Argumentum.
439 2355 573 2440 Exponit
588 2379 680 2439 quam
701 2361 809 2418 iniuste
823 2357 879 2418 sibi
894 2358 1041 2440 Tigellius
1056 2363 1214 2420 irascatur·

394 2590 540 2657 CICERO
566 2593 607 2655 ll.
632 2594 748 2658 faulo
774 2592 911 2659 GALLO
936 2595 965 2657 S.
990 2595 1028 2657 D.

254 2804 395 2876 Amoris
422 2803 564 2903 quidem
590 2805 662 2901 tui,
688 2831 831 2908 quoquo
857 2833 913 2879 me
940 2807 1030 2882 verti
1053 2821 1076 2908 ¹,
1102 2809 1208 2883 vesti·

205 2927 277 3027 gia,
302 2926 359 3000 vel
384 2928 542 3028 proxime
569 2927 613 3001 de
639 2928 788 3028 Tigellio
806 2949 830 3005 ².
857 2933 955 3006 Sensi
980 2933 1074 3005 enim
1100 2959 1142 3006 ex
1165 2932 1207 3005 li-

203 3051 287 3125 teris
312 3051 398 3149 tuis,
424 3051 526 3126 valde
553 3067 587 3126 te
613 3052 799 3129 laborasse.
829 3060 921 3131 Amo
954 3059 1059 3156 igitur
1083 3058 1207 3133 volun·

202 3189 320 3252 tatem.
347 3177 417 3250 Sed
442 3205 554 3278 pauca
581 3180 625 3252 de
651 3195 686 3253 te
701 3183 725 3252 ³.
753 3182 912 3283 Capiusi
931 3185 1089 3284 (opinor)
1108 3184 1205 3281 olim,

200 3326 277 3376 non
301 3302 467 3377 omnibus
491 3306 649 3378 dormio:
675 3309 725 3380 sic
751 3335 816 3407 ego
843 3335 916 3384 non
949 3309 1132 3408 omnibus,
1156 3309 1205 3382 mi

202 3427 321 3527 Galle,
346 3432 461 3504 servio
475 3433 499 3503 ⁵.
524 3434 602 3505 Etsi
628 3459 717 3534 quae
735 3450 788 3507 est
805 3435 892 3507 liaeo
910 3435 1078 3508 servitus?
1097 3436 1205 3531 Olim,

201 3577 310 3654 quum
335 3560 512 3654 regnare⁶
537 3559 838 3658 existimabamur,
864 3586 936 3634 non
963 3573 1035 3633 tam
1053 3559 1098 3633 ab
1116 3559 1203 3657 ullis,

201 3703 307 3780 quiam
332 3678 401 3753 hoc
428 3694 587 3782 tempore
606 3683 775 3760 observor
792 3713 811 3759 a
829 3687 1102 3759 familiarissimis
1120 3687 1204 3757 Cae-

200 3805 286 3877 saris
317 3805 501 3907 omnibus,
534 3822 674 3908 praeter
704 3811 810 3885 istum
829 3832 853 3883 ⁷.
879 3812 922 3884 ld
948 3837 1012 3910 ego
1038 3812 1075 3883 in
1099 3809 1203 3882 lucris

198 3951 319 4029 pono,
354 3957 428 4008 non
460 3933 548 4009 ferre
579 3935 760 4012 hominem
784 3937 1061 4038 pestilentiorem
1086 3935 1201 4036 patria
