2648 4822
459 421 497 469 ιιι
523 417 714 473 sumone
1014 399 1088 503 βα

91 544 125 585 ια
146 522 203 605 Ep.
224 521 321 601 DXL,
342 520 370 582 3.

91 632 125 693 13
147 629 298 710 subaudi,
318 641 353 691 ut
371 628 475 692 hortos
494 628 608 692 habere
628 631 792 713 possimus3
812 647 860 711 ep.
880 627 973 690 DLII.

507 870 673 932 DXLVIII.

92 1084 104 1123 ι
127 1062 184 1146 Ep.
204 1060 347 1142 DXLVl,
368 1080 395 1139 7.

88 1191 106 1231 2
127 1168 230 1230 Verba
250 1167 287 1227 de
308 1188 342 1226 eo
363 1167 423 1224 iam
443 1163 581 1224 Emestio
602 1173 738 1247 suspecta
758 1161 869 1225 delevit
889 1161 1055 1230 Schiitzius.

87 1277 106 1336 3
127 1277 218 1335 Forte
239 1275 456 1354 argentarium,
477 1270 515 1332 de
536 1291 597 1352 quo
619 1292 665 1355 ep.
686 1270 900 1334 CCCLXXXI.

86 1385 108 1462 4
128 1386 208 1462 Quia
229 1383 267 1443 de
287 1404 320 1443 re
341 1382 512 1464 pecuniaria
537 1399 636 1440 sermo
664 1390 722 1461 est,
743 1379 862 1441 videtur
888 1379 1092 1464 Hermogenes

129 1491 250 1551 Clodius
272 1512 349 1571 esse,
369 1492 421 1571 qui
442 1491 572 1550 occurrit
591 1487 667 1549 infra
688 1510 734 1571 ep.
756 1489 898 1570 DCXVI,
923 1511 947 1551 1.
968 1490 1082 1553 Emest

86 1596 108 1660 5
128 1599 183 1680 Ep.
204 1599 345 1678 DXLVI,
365 1596 395 1659 5.

86 1705 108 1768 6
127 1707 204 1789 Epp.
224 1706 353 1787 DXLH,
378 1723 409 1785 ¹3
430 1703 635 1784 DXXXVIII,
656 1703 685 1781 d„

520 1945 657 2006 DXLIX.

94 2154 104 2193 ι
129 2133 209 2210 Quia
230 2131 290 2194 filio
310 2133 381 2195 velit
400 2133 541 2215 obsequi,
567 2135 686 2215 roganti
709 2153 749 2194 ne
768 2130 893 2195 vendat:
920 2154 1017 2218 quum
1041 2135 1095 2198 ha·

127 2240 211 2322 beat,
231 2241 351 2323 qualem
371 2240 451 2320 vult,
472 2240 530 2300 hoc
551 2251 610 2320 est,
630 2239 718 2322 plane
739 2261 778 2301 ex
798 2243 888 2300 animi
909 2245 954 2302 sui
975 2255 1095 2304 senten·

128 2350 179 2408 tia:
202 2360 236 2409 ut
257 2347 519 2430 reprehendendus
533 2368 594 2407 nou
609 2349 661 2429 sit,
681 2350 732 2429 qui
747 2344 799 2408 tali
819 2346 881 2408 filio
902 2348 1094 2430 obsequatur.

128 2455 254 2516 Manat..

87 2583 105 2621 2
128 2564 159 2623 Si
180 2575 299 2647 praeter
318 2563 422 2623 hortos
444 2563 482 2623 ab
503 2582 540 2623 eo
562 2583 662 2623 emere
682 2562 807 2623 velimus
826 2562 908 2623 aliud
921 2565 1095 2647 praedium,

128 2670 210 2751 quod
231 2673 292 2752 ipse
306 2692 366 2730 non
381 2682 477 2750 amet,
500 2680 529 2730 et
549 2669 679 2730 vendere
694 2673 803 2752 cupiat.
824 2671 1027 2751 Destinatum,
1040 2675 1096 2733 sci·

127 2777 196 2837 licet
216 2777 384 2837 venditioni.
407 2777 520 2838 Ernest.
542 2779 643 2856 Quam
661 2780 836 2839 sententiam
851 2779 903 2837 etsi
917 2781 980 2860 ipse
994 2800 1097 2839 veram

128 2906 191 2944 esse
212 2884 356 2963 arbitror,
377 2885 490 2946 facilius
510 2897 611 2946 tamen
632 2908 648 2947 e
669 2884 767 2947 verbis
785 2887 895 2965 exiret,
915 2888 939 2946 si
960 2889 1001 2946 sic
1014 2885 1097 2967 lege·

128 3004 224 3052 retur:
246 2993 275 3051 si
293 2991 500 3053 addider'mos
520 2992 623 3065 aliud,
644 2991 729 3075 quod
747 2994 787 3053 ab
808 2995 875 3076 ipso
890 2993 986 3074 fierit
1005 2993 1097 3055 desti-

127 3114 229 3158 natum
243 3099 454 3181 (venditioni),
475 3103 566 3160 etiam
580 3099 673 3182 illud,
686 3120 708 3161 a
721 3121 782 3183 quo
803 3099 998 3183 (vendendo)
1018 3100 1097 3182 refrt·

125 3209 204 3286 gr'at,
226 3207 417 3266 venditorum.
440 3206 557 3268 Sclititz.

88 3307 106 3370 3
129 3314 284 3391 Quantum
316 3316 514 3393 constituam,
546 3316 606 3374 sive
636 3324 740 3397 putem
770 3314 842 3372 istos
872 3312 976 3373 hortos
1005 3313 1098 3374 Drusi

129 3420 196 3501 (ep.
218 3423 331 3501 DXLI,
358 3421 401 3503 5)
422 3424 534 3481 anteire
555 3421 679 3481 Silianis.
707 3420 780 3479 Mox
800 3421 923 3498 rectius,
942 3421 973 3478 ni
994 3418 1099 3498 fallor,

129 3525 196 3584 edd.
219 3528 291 3586 lens.
313 3538 343 3588 et
364 3529 454 3588 Herv.
475 3529 591 3588 accessi
607 3527 733 3610 propios
747 3548 927 3608 uuntqnam,
941 3525 970 3585 h.
988 3547 1012 3585 e.
1027 3524 1098 3585 hor·

131 3641 175 3690 tos
196 3634 358 3694 Drusianos
378 3657 544 3718 numquam
567 3633 635 3694 vidi.

87 3738 107 3813 4
131 3737 198 3796 Hoc
219 3751 277 3819 est,
296 3745 475 3825 necessitati,
496 3761 588 3824 quam
609 3737 707 3802 habeo
722 3739 868 3804 excitandi
882 3739 951 3803 faui.
969 3737 1004 3802 V
999 3737 1080 3799 trivia
1086 3779 1098 3810 ,

126 3848 271 3904 nimirum
293 3847 375 3928 villa,
396 3861 426 3911 et
447 3850 519 3914 silva
540 3848 723 3930 Coponiana.

86 3949 106 4010 5
126 3952 187 4036 Ep.
209 3952 365 4037 DXLVll,
388 3958 416 4016 3.
