2648 4822
472 454 510 502 iu
536 448 734 509 arisroass
1033 426 1106 530 475

142 548 208 616 salis
224 554 433 638 lignorumque
447 557 547 616 omnia
561 553 727 637 hospitibus
741 556 904 616 necessaria
918 553 1108 635 intelligenda

143 675 221 724 sunt
244 672 372 748 Παροχαὶ
392 674 492 724 autem
514 673 618 742 erunt,
638 683 677 723 ex
693 664 836 751 sententia
849 661 993 722 Gronovii
1007 661 1109 723 etbu-

143 774 193 853 sii,
212 770 317 854 lautia,
338 793 416 854 quae
436 775 503 854 quis
524 770 642 854 publice
664 769 836 854 praebenda
855 767 1041 831 conduxerit
1059 768 1108 830 Sic

141 879 299 940 Ventidius
319 879 425 940 Bassus
447 879 544 962 (apud
564 879 695 941 Gellium
714 878 782 958 XV,
795 876 844 959 4),
865 878 917 959 qui
936 875 1110 959 praebenda

141 985 261 1068 publice
281 986 483 1068 conduxerat,
496 987 651 1048 Parucbus
672 987 771 1046 vocari
792 995 904 1068 potest3
925 995 956 1045 et
975 983 1109 1059 foenum,

81 1099 83 1102 ‘
141 1093 251 1153 lectum
278 1105 308 1154 et
334 1105 466 1169 tectum,
497 1093 597 1178 ligna,
623 1103 805 1176 ceteraque,
830 1113 908 1174 quae
937 1094 1002 1173 ipso
1023 1089 1109 1151 Cice·

141 1223 215 1261 rone
236 1212 309 1262 teste
331 1205 400 1284 (ep.
422 1201 612 1279 ccv111‚1)
635 1199 854 1282 magistratibus
874 1201 904 1260 in
924 1200 1108 1282 provinciam

142 1309 280 1372 euntibus
302 1309 470 1392 dabantur,
491 1306 616 1383 mptxoel
636 1308 694 1370 diei
713 1319 864 1392 poterunt

100 1441 122 1502 9
142 1418 198 1501 Ep.
218 1417 392 1493 DLXXXI,
418 1438 441 1477 1.

106 1547 142 1586 ιο
162 1525 209 1586 ild
232 1546 280 1585 me
300 1527 408 1586 venies.
431 1522 544 1586 Ernest.
645 1592 649 1611 Ι

106 1656 137 1695 ιι
163 1635 226 1710 Qui
246 1634 396 1694 Ciceronis
416 1631 492 1693 filios
513 1632 673 1714 docuerat3
695 1653 742 1715 ep.
764 1630 971 1709 cccxxvii,
997 1651 1032 1693 ι..

106 1762 141 1801 12
163 1741 248 1816 Quos
269 1742 384 1802 Romae
403 1739 555 1823 habebat,
581 1760 644 1802 nou
669 1751 770 1801 eutem
792 1738 1006 1818 Ciceronibus,
1031 1759 1109 1820 quo-

141 1869 209 1908 rum
239 1848 315 1909 alter
345 1851 375 1909 in
402 1849 543 1932 Hispania
568 1847 638 1931 (ep.
664 1847 868 1930 mlxxix),
891 1847 967 1908 alter
986 1844 1108 1909 Athenis

140 1960 205 2038 (ep.
227 1977 291 2037 sup.
319 1954 352 2036 1)
372 1967 444 2018 erat
465 1956 571 2017 Lemb.
595 1979 627 2017 se
647 1978 669 2018 a
689 1955 846 2039 <dicipulis
867 1967 940 2035 etc,
958 1968 994 2018 ut
1012 1955 1108 2017 Erne-

140 2067 212 2125 stius
232 2064 426 2145 postmodum
446 2063 630 2126 ooniieicbat.

505 2383 708 2445 DLXXXVL

106 2624 115 2661 ι
141 2601 288 2663 Advenire
308 2599 480 2661 tabellarius
499 2602 597 2682 potuit
618 2619 687 2659 cum
708 2597 799 2658 literis
818 2598 885 2657 tuis.
899 2595 1012 2657 Dnest.
1027 2597 1108 2657 Coe-

141 2731 218 2770 renz.
240 2710 279 2768 ad
300 2709 360 2769 Cic.
377 2706 468 2768 dead.
483 2708 527 2791 11,
542 2727 580 2788 ²7
595 2708 781 2768 interiectum
796 2704 883 2766 colon
897 2703 990 2785 delet,
1003 2726 1109 2787 quem-

140 2816 303 2876 admodum
326 2827 357 2875 et
375 2815 488 2892 Aldus,
518 2814 648 2897 legitque
674 2814 859 2874 continenter
888 2812 920 2873 A
950 2826 977 2874 te
1007 2813 1108 2875 tiaras

139 2924 353 3006 exspectabam
372 2921 505 2983 noudatm
526 2923 655 2994 scilicet‚·
677 2921 760 3004 quod
781 2921 926 3004 praefero.

101 3032 187 3093 2De
207 3029 317 3112 quibus
337 3029 446 3091 adme
473 3028 583 3091 scribis.
616 3031 734 3091 Metuit.
764 3030 934 3090 Gronovius
954 3039 1040 3111 putat
1060 3025 1109 3087 hic

140 3159 195 3220 per
213 3140 335 3199 nomina
355 3137 476 3220 intelligi
495 3158 584 3219 posse
606 3136 748 3220 praedes,
761 3157 837 3218 quos
858 3137 963 3197 Cicero
983 3136 1108 3196 daturus
1224 3140 1227 3147 '

141 3257 205 3307 erat
225 3249 254 3308 in
275 3248 412 3307 suctione
432 3245 590 3306 hortorum
612 3244 860 3327 Scapulanorum.
893 3245 1030 3325 intelligo
1052 3266 1108 3305 au-

142 3364 219 3430 tem,
233 3375 294 3435 eos,
307 3356 359 3435 qui
380 3353 515 3414 Ciceroni
536 3352 704 3435 debebant,
718 3374 789 3414 eum
809 3351 848 3414 ad
869 3353 942 3413 alios
963 3351 1109 3434 quosdam

143 3460 293 3523 debitores
313 3482 382 3521 suos
403 3461 591 3541 delegavisse.
612 3459 759 3522 Lemaire.

103 3565 121 3625 3
143 3565 192 3625 Sic
213 3568 242 3628 in
261 3571 418 3649 posteriori
439 3568 486 3629 ed
507 3567 688 3650 Lambinus3
710 3578 741 3629 at
760 3571 791 3628 in
813 3569 909 3649 prima
933 3566 1017 3650 Quid
1046 3567 1109 3648 ipsc

141 3678 287 3753 negotium
304 3697 449 3755 gererem,
480 3677 539 3736 nisi
564 3676 689 3737 romilio
717 3673 790 3737 tuo?
809 3674 974 3756 Vulgatum
1000 3670 1110 3734 contir-

143 3783 236 3842 mavit
255 3782 342 3844 scidis
363 3786 423 3844 suis
442 3783 556 3844 Bosius.

103 3889 123 3963 4
143 3888 325 3950 Decreverat
345 3889 449 3952 Cicero
470 3893 529 3951 iam
553 3902 621 3951 ante
643 3902 769 3951 mortem
784 3888 914 3969 Tulliae,
937 3898 1019 3948 metu
1039 3885 1109 3948 belli

145 3994 256 4077 civilis,
286 3999 429 4079 quicquid
451 3998 532 4060 dorni
553 3997 685 4060 habebat
710 3999 789 4059 auri«
802 3999 952 4077 argentive
973 3995 1041 4056 facti
1062 3993 1108 4054 rel
