2648 4822
244 416 318 518 478
608 432 883 489 traorrmours

632 642 861 705 ouxxxvru.
974 715 981 726 ,

247 883 257 920 ι
283 859 330 921 Ex
351 862 409 921 tuis
429 859 518 921 literis
539 879 727 941 cognoscam.
749 858 867 920 Manat.

243 988 261 1028 a
283 969 414 1047 Scilicet,
435 968 522 1028 aliam
537 968 576 1027 ad
591 967 750 1028 Caesarem
764 953 918 1050 epistolam
931 967 1077 1050 scribere,
1088 991 1135 1052 cp.
1149 992 1252 1054 supr.

282 1076 401 1136 Schiitz.

242 1182 330 1243 3131
350 1181 537 1264 adulatione,
557 1179 633 1242 ibid.

241 1289 332 1367 4Mc
352 1288 509 1375 turpitudo
529 1289 712 1351 deterreret:
735 1309 827 1350 essem
853 1292 931 1351 enim
956 1289 1169 1373 philosophus,
1189 1313 1251 1353 non

281 1397 441 1480 adulator,
462 1397 515 1459 sed
535 1418 596 1458 non
616 1397 733 1470 acribo,
754 1399 825 1480 quia
843 1397 916 1458 nihil
937 1399 967 1458 in
987 1409 1139 1480 mentem,
1166 1401 1251 1482 quod

281 1505 431 1587 scribam,
451 1507 540 1567 venit.

239 1613 261 1676 5
280 1613 337 1697 Ep.
358 1613 518 1691 DLXVll,
539 1632 568 1673 a.

238 1718 329 1782 613¹
347 1741 408 1803 qua
427 1722 572 1800 materia,
603 1719 651 1781 vel
680 1721 752 1802 quia
779 1722 869 1782 iuter·
884 1720 1014 1802 ligneam
1038 1721 1182 1804 duriore,
1202 1722 1249 1785 rel

280 1827 368 1889 aliam
389 1826 431 1888 ob
449 1847 595 1910 causam,
607 1827 680 1889 nihil
699 1826 839 1910 pulchri,
858 1828 931 1888 nihil
952 1828 1035 1910 quod
1055 1829 1246 1891 simulacrum

279 1936 446 2020 perfecmm
476 1946 698 2018 repraesentet,
730 1935 878 1996 elaborari
907 1948 1026 2019 potest,
1052 1935 1106 1998 sed
1130 1949 1246 1999 tantum

280 2042 412 2127 aliquid,
432 2041 516 2126 quod
535 2042 629 2105 simile
649 2045 688 2104 sit
708 2042 864 2104 simulacri.
896 2044 992 2105 Extra
1019 2045 1246 2128 metaphoram,

280 2155 455 2235 scripseram
476 2172 545 2213 eum
566 2150 679 2216 labore.

240 2282 258 2340 7
279 2260 385 2321 Lamb.
406 2260 443 2321 Si
461 2259 507 2321 ad
524 2281 591 2321 eum
609 2262 815 2343 pervenissem.

237 2365 259 2430 8
279 2366 483 2430 Alexandrum
493 2388 646 2450 magnum.
658 2368 720 2429 Pro
730 2367 898 2430 Aristotelis
908 2367 956 2451 (ut
965 2372 996 2430 in
1006 2389 1052 2451 ep.
1063 2368 1245 2452 DLXXXV,

198 2471 200 2474 ’
279 2476 325 2554 a),
345 2474 428 2557 quod
447 2474 604 2537 Emestius
623 2474 714 2537 edere
725 2475 847 2536 'maluit

237 2601 259 2664 9
279 2581 396 2643 Scilicet
415 2583 496 2643 huno
515 2604 645 2667 pompae
664 2582 806 2666 plenum,
826 2584 917 2642 nimia
937 2604 1049 2665 pompa
1070 2583 1244 2666 superbien-

277 2699 347 2751 tem.
368 2690 551 2751 Mordaciter
570 2693 600 2751 in
621 2691 793 2769 Caesarem,
808 2690 846 2751 de
860 2711 921 2774 quo
935 2692 994 2750 Dio
1008 2691 1019 2772 (
1025 2690 1074 2751 lib.
1090 2692 1174 2751 XLll
1181 2736 1190 2769 ,
1209 2713 1245 2774 ¹9

277 2808 309 2857 et
329 2798 442 2875 XLlll,
468 2797 532 2877 14),
552 2809 582 2858 et
603 2799 682 2859 Sret.
705 2796 862 2877 (rutulo.
878 2797 940 2880 76)
959 2809 1094 2879 narrant,
1116 2798 1171 2859 sibi
1192 2798 1244 2860 de-

278 2907 358 2963 cemi
371 2925 490 2986 passum
505 2926 567 2965 esse
581 2905 692 2988 templa
706 2915 737 2965 et
754 2926 820 2965 aras
839 2917 870 2967 et
888 2905 1059 2989 simulacra,
1074 2906 1191 2990 aliaque
1205 2908 1244 2967 ad

277 3030 419 3093 pompam
440 3014 572 3093 insignia.
594 3013 711 3095 Popma
730 3011 953 3097 animadvertit,
973 3014 1138 3074 Pacuvium
1155 3017 1243 3075 etiam

279 3118 382 3179 dixisse
401 3118 440 3180 de
459 3121 537 3182 circo
558 3123 730 3206 aruspicem
752 3132 783 3183 et
796 3120 947 3183 Catullum
961 3121 1070 3205 (earm.
1086 3121 1184 3205 XXV,
1201 3120 1244 3202 5)

276 3225 383 3287 devia
403 3228 516 3289 mulier.

242 3353 277 3392 10
297 3332 353 3415 Ep.
373 3335 528 3420 DLXXV,
550 3337 579 3414 4.

241 3460 271 3504 11
296 3440 398 3501 Malim
420 3446 518 3525 potius
539 3443 654 3527 doleat,
676 3466 804 3504 menon
826 3446 982 3527 scripsisse.

239 3564 273 3606 ro
295 3547 351 3630 Ep.
367 3549 513 3612 CDXLV.
527 3552 705 3631 Quomodo,
719 3552 845 3632 scilicet,
865 3572 982 3634 possem
998 3551 1156 3612 Caesarem
1171 3552 1242 3612 mihi

274 3655 432 3717 conciliare
451 3657 531 3717 salva
551 3653 702 3720 bonorum
724 3658 931 3719 benivolentia.

237 3761 272 3828 13
294 3761 450 3847 Exsilium,
471 3766 518 3826 vel
539 3769 711 3847 interitum,
742 3786 833 3848 quem
864 3778 928 3827 tum
950 3767 1110 3849 timebam3
1134 3767 1243 3827 scilicet

274 3874 371 3930 statim
392 3872 508 3934 devicto
529 3877 558 3933 in
580 3877 642 3934 acie
662 3871 832 3934 Pharsalica
852 3873 1013 3956 Pompeio,
1035 3887 1064 3934 ct
1086 3886 1154 3934 ante
1177 3874 1242 3934 obi-

276 3988 340 4043 tum
361 3979 486 4044 Tulliae.
509 3984 616 4066 Qaeoem,
630 3985 671 4043 sic
685 3993 764 4043 recte
785 3979 853 4041 edd.
875 3982 1239 4066 pr.,inquitE1·nestius;
