<?xml version="1.0" encoding="UTF-8"?>
<!DOCTYPE html PUBLIC "-//W3C//DTD XHTML 1.0 Transitional//EN"
    "http://www.w3.org/TR/xhtml1/DTD/xhtml1-transitional.dtd">
<html xmlns="http://www.w3.org/1999/xhtml" xml:lang="en" lang="en">
 <head>
  <title>
</title>
<meta http-equiv="Content-Type" content="text/html;charset=utf-8" />
  <meta name='ocr-system' content='tesseract 3.04.00' />
  <meta name='ocr-capabilities' content='ocr_page ocr_carea ocr_par ocr_line ocrx_word'/>
</head>
<body>
  <div class='ocr_page' id='page_1' title='image "./mtulliiciceroni11cicegoog/mtulliiciceroni11cicegoog_0355.png"; bbox 0 0 2648 4822; ppageno 0'>
   <div class='ocr_carea' id='block_1_1' title="bbox 222 434 1228 781">
    <p class='ocr_par' dir='ltr' id='par_1_1' title="bbox 222 434 1228 781">
     <span class='ocr_line' id='line_1_1' title="bbox 224 434 1204 529; baseline 0 -20"><span class='ocrx_word' id='word_1_1' title='bbox 224 434 299 529; x_wconf 67' lang='lat'><strong>346</strong></span> <span class='ocrx_word' id='word_1_2' title='bbox 536 456 708 505; x_wconf 74' lang='lat' dir='ltr'><strong>arrsrorn</strong></span> <span class='ocrx_word' id='word_1_3' title='bbox 725 458 888 506; x_wconf 81' lang='lat' dir='ltr'><strong>ncxxxrv.</strong></span> <span class='ocrx_word' id='word_1_4' title='bbox 1005 458 1038 508; x_wconf 67' lang='lat' dir='ltr'><strong>a</strong></span> <span class='ocrx_word' id='word_1_5' title='bbox 1053 461 1089 508; x_wconf 82' lang='lat' dir='ltr'><strong>v.</strong></span> <span class='ocrx_word' id='word_1_6' title='bbox 1107 459 1204 522; x_wconf 57' lang='grc' dir='ltr'><strong>αμα</strong></span> 
     </span>
     <span class='ocr_line' id='line_1_2' title="bbox 222 556 1228 660; baseline 0.005 -29"><span class='ocrx_word' id='word_1_7' title='bbox 222 560 353 660; x_wconf 88' lang='lat' dir='ltr'><strong>ntique.</strong></span> <span class='ocrx_word' id='word_1_8' title='bbox 392 557 482 632; x_wconf 87' lang='lat' dir='ltr'><strong>Nam</strong></span> <span class='ocrx_word' id='word_1_9' title='bbox 514 556 609 628; x_wconf 90' lang='lat' dir='ltr'><strong>illam</strong></span> <span class='ocrx_word' id='word_1_10' title='bbox 643 556 719 655; x_wconf 86' lang='lat' dir='ltr'><strong>legi.</strong></span> <span class='ocrx_word' id='word_1_11' title='bbox 753 558 848 630; x_wconf 91' lang='lat' dir='ltr'><strong>Volo</strong></span> <span class='ocrx_word' id='word_1_12' title='bbox 887 572 1004 631; x_wconf 85' lang='lat' dir='ltr'><strong>tamen</strong></span> <span class='ocrx_word' id='word_1_13' title='bbox 1041 576 1228 660; x_wconf 67' lang='lat' dir='ltr'><strong>regnshre.</strong></span> 
     </span>
     <span class='ocr_line' id='line_1_3' title="bbox 222 682 1130 781; baseline 0.004 -24"><span class='ocrx_word' id='word_1_14' title='bbox 222 684 406 777; x_wconf 82' lang='lat' dir='ltr'><strong>Quaedam</strong></span> <span class='ocrx_word' id='word_1_15' title='bbox 432 685 525 756; x_wconf 90' lang='lat' dir='ltr'><strong>enim</strong></span> <span class='ocrx_word' id='word_1_16' title='bbox 551 686 611 755; x_wconf 81' lang='lat' dir='ltr'><strong>vix</strong></span> <span class='ocrx_word' id='word_1_17' title='bbox 634 683 720 754; x_wconf 88' lang='lat' dir='ltr'><strong>mibi</strong></span> <span class='ocrx_word' id='word_1_18' title='bbox 747 683 855 756; x_wconf 89' lang='lat' dir='ltr'><strong>credo</strong></span> <span class='ocrx_word' id='word_1_19' title='bbox 880 682 1004 781; x_wconf 82' lang='lat' dir='ltr'><strong>legisse</strong></span> <span class='ocrx_word' id='word_1_20' title='bbox 1029 711 1087 760; x_wconf 90' lang='lat' dir='ltr'><strong>me</strong></span> <span class='ocrx_word' id='word_1_21' title='bbox 1103 688 1130 760; x_wconf 78' lang='lat'><strong>⁸.</strong></span> 
     </span>
    </p>
   </div>
   <div class='ocr_carea' id='block_1_2' title="bbox 604 932 1205 1040">
    <p class='ocr_par' dir='ltr' id='par_1_2' title="bbox 604 932 1205 1040">
     <span class='ocr_line' id='line_1_4' title="bbox 604 932 1205 1040; baseline 0.037 -32"><span class='ocrx_word' id='word_1_22' title='bbox 604 932 829 1009; x_wconf 84' lang='lat' dir='ltr'><strong>DCXXXV.</strong></span> <span class='ocrx_word' id='word_1_23' title='bbox 932 976 986 1036; x_wconf 81' lang='lat' dir='ltr'><strong>&lt;aa</strong></span> <span class='ocrx_word' id='word_1_24' title='bbox 1002 978 1054 1023; x_wconf 70' lang='lat' dir='ltr'><strong>ars</strong></span> <span class='ocrx_word' id='word_1_25' title='bbox 1070 979 1143 1040; x_wconf 83' lang='lat' dir='ltr'><strong>xru,</strong></span> <span class='ocrx_word' id='word_1_26' title='bbox 1156 978 1205 1040; x_wconf 72' lang='lat'><strong>49)</strong></span> 
     </span>
    </p>
   </div>
   <div class='ocr_carea' id='block_1_3' title="bbox 220 1113 1105 1198">
    <p class='ocr_par' dir='ltr' id='par_1_3' title="bbox 220 1113 1105 1198">
     <span class='ocr_line' id='line_1_5' title="bbox 220 1113 1105 1198; baseline -0.006 -19"><span class='ocrx_word' id='word_1_27' title='bbox 220 1116 439 1198; x_wconf 76' lang='lat' dir='ltr'><strong>Ar&#39;gunreulum.</strong></span> <span class='ocrx_word' id='word_1_28' title='bbox 461 1115 507 1173; x_wconf 90' lang='lat' dir='ltr'><strong>De</strong></span> <span class='ocrx_word' id='word_1_29' title='bbox 528 1113 648 1193; x_wconf 81' lang='lat' dir='ltr'><strong>Tigellii</strong></span> <span class='ocrx_word' id='word_1_30' title='bbox 669 1114 775 1191; x_wconf 84' lang='lat' dir='ltr'><strong>iniqua</strong></span> <span class='ocrx_word' id='word_1_31' title='bbox 794 1133 867 1193; x_wconf 82' lang='lat' dir='ltr'><strong>erga</strong></span> <span class='ocrx_word' id='word_1_32' title='bbox 888 1133 919 1172; x_wconf 90' lang='lat' dir='ltr'><strong>se</strong></span> <span class='ocrx_word' id='word_1_33' title='bbox 940 1113 1105 1174; x_wconf 82' lang='lat' dir='ltr'><strong>iracundia.</strong></span> 
     </span>
    </p>
   </div>
   <div class='ocr_carea' id='block_1_4' title="bbox 282 1304 1164 1560">
    <p class='ocr_par' dir='ltr' id='par_1_4' title="bbox 282 1304 1164 1560">
     <span class='ocr_line' id='line_1_6' title="bbox 282 1304 1164 1379; baseline -0.005 -13"><span class='ocrx_word' id='word_1_34' title='bbox 282 1313 336 1366; x_wconf 80' lang='lat' dir='ltr'><strong>Ser.</strong></span> <span class='ocrx_word' id='word_1_35' title='bbox 354 1313 381 1363; x_wconf 89' lang='lat' dir='ltr'><strong>in</strong></span> <span class='ocrx_word' id='word_1_36' title='bbox 399 1309 546 1362; x_wconf 78' lang='lat' dir='ltr'><strong>Tusculano</strong></span> <span class='ocrx_word' id='word_1_37' title='bbox 566 1311 597 1360; x_wconf 78' lang='lat' dir='ltr'><strong>A.</strong></span> <span class='ocrx_word' id='word_1_38' title='bbox 615 1306 649 1361; x_wconf 86' lang='lat' dir='ltr'><strong>V.</strong></span> <span class='ocrx_word' id='word_1_39' title='bbox 666 1307 696 1360; x_wconf 87' lang='lat' dir='ltr'><strong>C.</strong></span> <span class='ocrx_word' id='word_1_40' title='bbox 714 1304 864 1374; x_wconf 83' lang='lat' dir='ltr'><strong>nccvln,</strong></span> <span class='ocrx_word' id='word_1_41' title='bbox 882 1325 969 1361; x_wconf 78' lang='lat' dir='ltr'><strong>meuse</strong></span> <span class='ocrx_word' id='word_1_42' title='bbox 986 1309 1055 1379; x_wconf 72' lang='lat' dir='ltr'><strong>sept.</strong></span> <span class='ocrx_word' id='word_1_43' title='bbox 1076 1309 1164 1362; x_wconf 82' lang='lat' dir='ltr'><strong>ineuu.</strong></span> 
     </span>
     <span class='ocr_line' id='line_1_7' title="bbox 535 1494 911 1560; baseline -0.008 0"><span class='ocrx_word' id='word_1_44' title='bbox 535 1495 680 1560; x_wconf 78' lang='lat' dir='ltr'>CICERO</span> <span class='ocrx_word' id='word_1_45' title='bbox 703 1494 855 1559; x_wconf 84' lang='lat' dir='ltr'><strong>ATTICO</strong></span> <span class='ocrx_word' id='word_1_46' title='bbox 880 1496 911 1558; x_wconf 92' lang='lat' dir='ltr'><strong>S.</strong></span> 
     </span>
    </p>
   </div>
   <div class='ocr_carea' id='block_1_5' title="bbox 218 1681 1228 2415">
    <p class='ocr_par' dir='ltr' id='par_1_5' title="bbox 218 1681 1228 2415">
     <span class='ocr_line' id='line_1_8' title="bbox 269 1681 1225 1784; baseline -0.005 -24"><span class='ocrx_word' id='word_1_47' title='bbox 269 1689 408 1761; x_wconf 84' lang='lat' dir='ltr'><strong>Atticae</strong></span> <span class='ocrx_word' id='word_1_48' title='bbox 433 1687 586 1784; x_wconf 88' lang='lat' dir='ltr'><strong>primum</strong></span> <span class='ocrx_word' id='word_1_49' title='bbox 611 1682 780 1780; x_wconf 70' lang='lat' dir='ltr'><strong>salutem,</strong></span> <span class='ocrx_word' id='word_1_50' title='bbox 806 1708 911 1781; x_wconf 92' lang='lat' dir='ltr'><strong>quam</strong></span> <span class='ocrx_word' id='word_1_51' title='bbox 937 1681 1100 1784; x_wconf 85' lang='lat' dir='ltr'><strong>equidem</strong></span> <span class='ocrx_word' id='word_1_52' title='bbox 1126 1685 1225 1756; x_wconf 81' lang='lat' dir='ltr'><strong>ruri²</strong></span> 
     </span>
     <span class='ocr_line' id='line_1_9' title="bbox 220 1802 1227 1905; baseline -0.005 -18"><span class='ocrx_word' id='word_1_53' title='bbox 220 1839 295 1887; x_wconf 86' lang='lat' dir='ltr'><strong>esse</strong></span> <span class='ocrx_word' id='word_1_54' title='bbox 322 1810 480 1884; x_wconf 83' lang='lat' dir='ltr'><strong>arbitror.</strong></span> <span class='ocrx_word' id='word_1_55' title='bbox 509 1808 657 1881; x_wconf 84' lang='lat' dir='ltr'><strong>Multam</strong></span> <span class='ocrx_word' id='word_1_56' title='bbox 675 1809 780 1905; x_wconf 86' lang='lat' dir='ltr'><strong>igitur</strong></span> <span class='ocrx_word' id='word_1_57' title='bbox 796 1806 944 1879; x_wconf 91' lang='lat' dir='ltr'><strong>salutem</strong></span> <span class='ocrx_word' id='word_1_58' title='bbox 970 1819 1005 1879; x_wconf 91' lang='lat' dir='ltr'><strong>et</strong></span> <span class='ocrx_word' id='word_1_59' title='bbox 1027 1802 1147 1880; x_wconf 87' lang='lat' dir='ltr'><strong>Piliae.</strong></span> <span class='ocrx_word' id='word_1_60' title='bbox 1172 1812 1227 1882; x_wconf 88' lang='lat' dir='ltr'><strong>De</strong></span> 
     </span>
     <span class='ocr_line' id='line_1_10' title="bbox 219 1933 1228 2036; baseline -0.002 -26"><span class='ocrx_word' id='word_1_61' title='bbox 219 1937 368 2036; x_wconf 86' lang='lat' dir='ltr'><strong>Tigellio</strong></span> <span class='ocrx_word' id='word_1_62' title='bbox 382 1952 408 2034; x_wconf 85' lang='lat'><strong>²,</strong></span> <span class='ocrx_word' id='word_1_63' title='bbox 433 1937 462 2007; x_wconf 94' lang='lat' dir='ltr'><strong>si</strong></span> <span class='ocrx_word' id='word_1_64' title='bbox 488 1934 574 2035; x_wconf 90' lang='lat' dir='ltr'><strong>qnid</strong></span> <span class='ocrx_word' id='word_1_65' title='bbox 600 1936 701 2006; x_wconf 91' lang='lat' dir='ltr'><strong>novi:</strong></span> <span class='ocrx_word' id='word_1_66' title='bbox 728 1936 785 2033; x_wconf 91' lang='lat' dir='ltr'><strong>qui</strong></span> <span class='ocrx_word' id='word_1_67' title='bbox 808 1933 968 2034; x_wconf 90' lang='lat' dir='ltr'><strong>quidem,</strong></span> <span class='ocrx_word' id='word_1_68' title='bbox 985 1947 1025 2004; x_wconf 87' lang='lat' dir='ltr'><strong>ut</strong></span> <span class='ocrx_word' id='word_1_69' title='bbox 1041 1933 1127 2005; x_wconf 90' lang='lat' dir='ltr'><strong>mibi</strong></span> <span class='ocrx_word' id='word_1_70' title='bbox 1145 1934 1228 2008; x_wconf 91' lang='lat' dir='ltr'><strong>Gal·</strong></span> 
     </span>
     <span class='ocr_line' id='line_1_11' title="bbox 218 2057 1226 2160; baseline -0.005 -24"><span class='ocrx_word' id='word_1_71' title='bbox 218 2063 272 2136; x_wconf 93' lang='lat' dir='ltr'><strong>lus</strong></span> <span class='ocrx_word' id='word_1_72' title='bbox 297 2063 428 2135; x_wconf 86' lang='lat' dir='ltr'><strong>Fabius</strong></span> <span class='ocrx_word' id='word_1_73' title='bbox 454 2062 612 2160; x_wconf 73' lang='lat' dir='ltr'><strong>scripsit,</strong></span> <span class='ocrx_word' id='word_1_74' title='bbox 630 2067 742 2152; x_wconf 78' lang='grc' dir='ltr'>μέμψιν</span> <span class='ocrx_word' id='word_1_75' title='bbox 760 2066 902 2153; x_wconf 72' lang='grc' dir='ltr'><strong>ἀναφέρει</strong></span> <span class='ocrx_word' id='word_1_76' title='bbox 923 2057 1010 2130; x_wconf 89' lang='lat' dir='ltr'><strong>mihi</strong></span> <span class='ocrx_word' id='word_1_77' title='bbox 1035 2058 1226 2158; x_wconf 89' lang='lat' dir='ltr'><strong>quamdam</strong></span> 
     </span>
     <span class='ocr_line' id='line_1_12' title="bbox 218 2183 1227 2294; baseline -0.006 -31"><span class='ocrx_word' id='word_1_78' title='bbox 218 2190 497 2294; x_wconf 85' lang='lat' dir='ltr'><strong>iniquissimam,</strong></span> <span class='ocrx_word' id='word_1_79' title='bbox 530 2212 587 2258; x_wconf 91' lang='lat' dir='ltr'><strong>me</strong></span> <span class='ocrx_word' id='word_1_80' title='bbox 611 2185 786 2258; x_wconf 89' lang='lat' dir='ltr'><strong>Phameae</strong></span> <span class='ocrx_word' id='word_1_81' title='bbox 813 2183 984 2283; x_wconf 83' lang='lat' dir='ltr'><strong>defuisse,</strong></span> <span class='ocrx_word' id='word_1_82' title='bbox 1018 2209 1127 2285; x_wconf 91' lang='lat' dir='ltr'><strong>quum</strong></span> <span class='ocrx_word' id='word_1_83' title='bbox 1152 2184 1227 2257; x_wconf 89' lang='lat' dir='ltr'><strong>eius</strong></span> 
     </span>
     <span class='ocr_line' id='line_1_13' title="bbox 219 2309 1227 2415; baseline -0.007 -25"><span class='ocrx_word' id='word_1_84' title='bbox 219 2342 360 2390; x_wconf 88' lang='lat' dir='ltr'><strong>causam</strong></span> <span class='ocrx_word' id='word_1_85' title='bbox 387 2315 612 2415; x_wconf 89' lang='lat' dir='ltr'><strong>recepissem:</strong></span> <span class='ocrx_word' id='word_1_86' title='bbox 639 2337 744 2413; x_wconf 91' lang='lat' dir='ltr'><strong>quam</strong></span> <span class='ocrx_word' id='word_1_87' title='bbox 766 2309 908 2411; x_wconf 89' lang='lat' dir='ltr'><strong>quidem</strong></span> <span class='ocrx_word' id='word_1_88' title='bbox 924 2335 1125 2409; x_wconf 88' lang='lat' dir='ltr'><strong>receperam</strong></span> <span class='ocrx_word' id='word_1_89' title='bbox 1143 2335 1227 2383; x_wconf 91' lang='lat' dir='ltr'><strong>con·</strong></span> 
     </span>
    </p>
   </div>
   <div class='ocr_carea' id='block_1_6' title="bbox 217 2434 1226 3039">
    <p class='ocr_par' dir='ltr' id='par_1_6' title="bbox 217 2434 1226 3039">
     <span class='ocr_line' id='line_1_14' title="bbox 219 2434 1226 2543; baseline -0.008 -27"><span class='ocrx_word' id='word_1_90' title='bbox 219 2455 274 2516; x_wconf 91' lang='lat' dir='ltr'><strong>tra</strong></span> <span class='ocrx_word' id='word_1_91' title='bbox 309 2467 438 2543; x_wconf 89' lang='lat' dir='ltr'><strong>pueros</strong></span> <span class='ocrx_word' id='word_1_92' title='bbox 465 2440 652 2536; x_wconf 87' lang='lat' dir='ltr'><strong>Octavios,</strong></span> <span class='ocrx_word' id='word_1_93' title='bbox 688 2438 751 2510; x_wconf 89' lang='lat' dir='ltr'><strong>Cn.</strong></span> <span class='ocrx_word' id='word_1_94' title='bbox 786 2435 899 2534; x_wconf 90' lang='lat' dir='ltr'><strong>filios,</strong></span> <span class='ocrx_word' id='word_1_95' title='bbox 927 2461 1001 2508; x_wconf 90' lang='lat' dir='ltr'><strong>non</strong></span> <span class='ocrx_word' id='word_1_96' title='bbox 1024 2434 1176 2508; x_wconf 87' lang='lat' dir='ltr'><strong>libenter</strong></span> <span class='ocrx_word' id='word_1_97' title='bbox 1192 2437 1226 2535; x_wconf 81' lang='lat'><strong>³3</strong></span> 
     </span>
     <span class='ocr_line' id='line_1_15' title="bbox 218 2561 1225 2661; baseline -0.007 -20"><span class='ocrx_word' id='word_1_98' title='bbox 218 2567 283 2641; x_wconf 86' lang='lat' dir='ltr'><strong>sed</strong></span> <span class='ocrx_word' id='word_1_99' title='bbox 315 2583 351 2641; x_wconf 91' lang='lat' dir='ltr'><strong>et</strong></span> <span class='ocrx_word' id='word_1_100' title='bbox 382 2568 559 2640; x_wconf 87' lang='lat' dir='ltr'><strong>Phameae</strong></span> <span class='ocrx_word' id='word_1_101' title='bbox 594 2591 697 2636; x_wconf 90' lang='lat' dir='ltr'><strong>causa</strong></span> <span class='ocrx_word' id='word_1_102' title='bbox 736 2561 907 2636; x_wconf 83' lang='lat' dir='ltr'><strong>volebam.</strong></span> <span class='ocrx_word' id='word_1_103' title='bbox 941 2563 1030 2634; x_wconf 90' lang='lat' dir='ltr'><strong>Erat</strong></span> <span class='ocrx_word' id='word_1_104' title='bbox 1054 2562 1169 2661; x_wconf 90' lang='lat' dir='ltr'><strong>enim,</strong></span> <span class='ocrx_word' id='word_1_105' title='bbox 1194 2563 1225 2635; x_wconf 93' lang='lat' dir='ltr'><strong>si</strong></span> 
     </span>
     <span class='ocr_line' id='line_1_16' title="bbox 217 2687 1226 2789; baseline -0.005 -24"><span class='ocrx_word' id='word_1_106' title='bbox 217 2694 429 2789; x_wconf 84' lang='lat' dir='ltr'><strong>meministi,</strong></span> <span class='ocrx_word' id='word_1_107' title='bbox 459 2695 497 2764; x_wconf 91' lang='lat' dir='ltr'><strong>in</strong></span> <span class='ocrx_word' id='word_1_108' title='bbox 531 2690 732 2764; x_wconf 87' lang='lat' dir='ltr'><strong>consulatus</strong></span> <span class='ocrx_word' id='word_1_109' title='bbox 758 2687 962 2788; x_wconf 79' lang='lat' dir='ltr'><strong>petitionel</strong></span> <span class='ocrx_word' id='word_1_110' title='bbox 987 2714 1050 2787; x_wconf 91' lang='lat' dir='ltr'><strong>per</strong></span> <span class='ocrx_word' id='word_1_111' title='bbox 1076 2701 1111 2760; x_wconf 88' lang='lat' dir='ltr'><strong>te</strong></span> <span class='ocrx_word' id='word_1_112' title='bbox 1136 2688 1226 2760; x_wconf 86' lang='lat' dir='ltr'><strong>mihi</strong></span> 
     </span>
     <span class='ocr_line' id='line_1_17' title="bbox 217 2813 1224 2918; baseline -0.003 -29"><span class='ocrx_word' id='word_1_113' title='bbox 217 2816 415 2918; x_wconf 80' lang='lat' dir='ltr'><strong>pollicitus,</strong></span> <span class='ocrx_word' id='word_1_114' title='bbox 440 2819 469 2888; x_wconf 92' lang='lat' dir='ltr'><strong>si</strong></span> <span class='ocrx_word' id='word_1_115' title='bbox 496 2817 581 2916; x_wconf 90' lang='lat' dir='ltr'><strong>quid</strong></span> <span class='ocrx_word' id='word_1_116' title='bbox 606 2841 696 2914; x_wconf 91' lang='lat' dir='ltr'><strong>opus</strong></span> <span class='ocrx_word' id='word_1_117' title='bbox 722 2828 828 2888; x_wconf 88' lang='lat' dir='ltr'><strong>esset:</strong></span> <span class='ocrx_word' id='word_1_118' title='bbox 863 2815 960 2916; x_wconf 88' lang='lat' dir='ltr'><strong>quod</strong></span> <span class='ocrx_word' id='word_1_119' title='bbox 984 2839 1049 2912; x_wconf 84' lang='lat' dir='ltr'><strong>ego</strong></span> <span class='ocrx_word' id='word_1_120' title='bbox 1076 2813 1224 2913; x_wconf 89' lang='lat' dir='ltr'><strong>perinde</strong></span> 
     </span>
     <span class='ocr_line' id='line_1_18' title="bbox 217 2940 1225 3039; baseline -0.002 -25"><span class='ocrx_word' id='word_1_121' title='bbox 217 2941 342 3014; x_wconf 89' lang='lat' dir='ltr'><strong>tuebar</strong></span> <span class='ocrx_word' id='word_1_122' title='bbox 357 2943 383 3039; x_wconf 82' lang='lat'><strong>⁵,</strong></span> <span class='ocrx_word' id='word_1_123' title='bbox 409 2967 450 3014; x_wconf 88' lang='lat' dir='ltr'><strong>ac</strong></span> <span class='ocrx_word' id='word_1_124' title='bbox 475 2943 505 3013; x_wconf 91' lang='lat' dir='ltr'><strong>si</strong></span> <span class='ocrx_word' id='word_1_125' title='bbox 530 2967 620 3013; x_wconf 83' lang='lat' dir='ltr'><strong>usus.</strong></span> <span class='ocrx_word' id='word_1_126' title='bbox 640 2966 760 3012; x_wconf 87' lang='lat' dir='ltr'><strong>essem.</strong></span> <span class='ocrx_word' id='word_1_127' title='bbox 787 2942 854 3013; x_wconf 85' lang='lat' dir='ltr'><strong>1s⁶</strong></span> <span class='ocrx_word' id='word_1_128' title='bbox 880 2941 926 3013; x_wconf 89' lang='lat' dir='ltr'><strong>ad</strong></span> <span class='ocrx_word' id='word_1_129' title='bbox 951 2966 1008 3011; x_wconf 88' lang='lat' dir='ltr'><strong>me</strong></span> <span class='ocrx_word' id='word_1_130' title='bbox 1033 2940 1149 3039; x_wconf 82' lang='lat' dir='ltr'><strong>venit,</strong></span> <span class='ocrx_word' id='word_1_131' title='bbox 1173 2940 1225 3012; x_wconf 91' lang='lat' dir='ltr'><strong>di·</strong></span> 
     </span>
    </p>
   </div>
   <div class='ocr_carea' id='block_1_7' title="bbox 213 3065 1223 4047">
    <p class='ocr_par' dir='ltr' id='par_1_7' title="bbox 213 3065 1223 4047">
     <span class='ocr_line' id='line_1_19' title="bbox 215 3065 1223 3167; baseline 0 -28"><span class='ocrx_word' id='word_1_132' title='bbox 215 3067 353 3167; x_wconf 88' lang='lat' dir='ltr'><strong>xitque,</strong></span> <span class='ocrx_word' id='word_1_133' title='bbox 377 3067 529 3139; x_wconf 89' lang='lat' dir='ltr'><strong>iudicem</strong></span> <span class='ocrx_word' id='word_1_134' title='bbox 556 3092 698 3167; x_wconf 90' lang='lat' dir='ltr'><strong>operam</strong></span> <span class='ocrx_word' id='word_1_135' title='bbox 727 3067 810 3139; x_wconf 91' lang='lat' dir='ltr'><strong>dare</strong></span> <span class='ocrx_word' id='word_1_136' title='bbox 836 3065 903 3139; x_wconf 91' lang='lat' dir='ltr'><strong>sibi</strong></span> <span class='ocrx_word' id='word_1_137' title='bbox 929 3067 1153 3138; x_wconf 86' lang='lat' dir='ltr'><strong>constituisse</strong></span> <span class='ocrx_word' id='word_1_138' title='bbox 1178 3091 1223 3139; x_wconf 90' lang='lat' dir='ltr'><strong>eo</strong></span> 
     </span>
     <span class='ocr_line' id='line_1_20' title="bbox 217 3190 1222 3293; baseline -0.004 -30"><span class='ocrx_word' id='word_1_139' title='bbox 217 3190 274 3263; x_wconf 86' lang='lat' dir='ltr'><strong>dic</strong></span> <span class='ocrx_word' id='word_1_140' title='bbox 305 3192 409 3293; x_wconf 90' lang='lat' dir='ltr'><strong>ipso,</strong></span> <span class='ocrx_word' id='word_1_141' title='bbox 443 3217 513 3291; x_wconf 91' lang='lat' dir='ltr'><strong>quo</strong></span> <span class='ocrx_word' id='word_1_142' title='bbox 549 3191 593 3264; x_wconf 88' lang='lat' dir='ltr'><strong>de</strong></span> <span class='ocrx_word' id='word_1_143' title='bbox 623 3193 742 3266; x_wconf 84' lang='lat' dir='ltr'><strong>Sextio</strong></span> <span class='ocrx_word' id='word_1_144' title='bbox 768 3207 891 3266; x_wconf 84' lang='lat' dir='ltr'><strong>nostro</strong></span> <span class='ocrx_word' id='word_1_145' title='bbox 917 3191 993 3290; x_wconf 84' lang='lat' dir='ltr'><strong>lege</strong></span> <span class='ocrx_word' id='word_1_146' title='bbox 1017 3191 1222 3291; x_wconf 75' lang='lat' dir='ltr'><strong>Pompeiae</strong></span> 
     </span>
     <span class='ocr_line' id='line_1_21' title="bbox 214 3316 1223 3393; baseline -0.001 -4"><span class='ocrx_word' id='word_1_147' title='bbox 214 3316 252 3390; x_wconf 90' lang='lat' dir='ltr'><strong>in</strong></span> <span class='ocrx_word' id='word_1_148' title='bbox 278 3319 463 3391; x_wconf 91' lang='lat' dir='ltr'><strong>consilium</strong></span> <span class='ocrx_word' id='word_1_149' title='bbox 496 3319 538 3390; x_wconf 93' lang='lat' dir='ltr'><strong>iri</strong></span> <span class='ocrx_word' id='word_1_150' title='bbox 571 3344 714 3393; x_wconf 89' lang='lat' dir='ltr'><strong>necesse</strong></span> <span class='ocrx_word' id='word_1_151' title='bbox 740 3335 822 3393; x_wconf 79' lang='lat' dir='ltr'><strong>erat</strong></span> <span class='ocrx_word' id='word_1_152' title='bbox 859 3321 933 3392; x_wconf 90' lang='lat' dir='ltr'><strong>Scis</strong></span> <span class='ocrx_word' id='word_1_153' title='bbox 959 3320 1053 3392; x_wconf 90' lang='lat' dir='ltr'><strong>enim</strong></span> <span class='ocrx_word' id='word_1_154' title='bbox 1080 3317 1154 3390; x_wconf 91' lang='lat' dir='ltr'><strong>dies</strong></span> <span class='ocrx_word' id='word_1_155' title='bbox 1179 3317 1223 3389; x_wconf 91' lang='lat' dir='ltr'><strong>il-</strong></span> 
     </span>
     <span class='ocr_line' id='line_1_22' title="bbox 214 3441 1222 3545; baseline 0 -29"><span class='ocrx_word' id='word_1_156' title='bbox 214 3441 329 3518; x_wconf 88' lang='lat' dir='ltr'><strong>lorum</strong></span> <span class='ocrx_word' id='word_1_157' title='bbox 354 3446 597 3519; x_wconf 80' lang='lat' dir='ltr'><strong>iudiciorum⁸</strong></span> <span class='ocrx_word' id='word_1_158' title='bbox 623 3449 849 3545; x_wconf 84' lang='lat' dir='ltr'><strong>praestitutos</strong></span> <span class='ocrx_word' id='word_1_159' title='bbox 876 3447 989 3519; x_wconf 86' lang='lat' dir='ltr'><strong>luisse.</strong></span> <span class='ocrx_word' id='word_1_160' title='bbox 1021 3443 1222 3545; x_wconf 77' lang='lat' dir='ltr'><strong>Respondi,</strong></span> 
     </span>
     <span class='ocr_line' id='line_1_23' title="bbox 214 3570 1222 3675; baseline -0.001 -32"><span class='ocrx_word' id='word_1_161' title='bbox 214 3595 289 3643; x_wconf 91' lang='lat' dir='ltr'><strong>non</strong></span> <span class='ocrx_word' id='word_1_162' title='bbox 313 3571 473 3669; x_wconf 87' lang='lat' dir='ltr'><strong>ignorare</strong></span> <span class='ocrx_word' id='word_1_163' title='bbox 499 3599 600 3672; x_wconf 88' lang='lat' dir='ltr'><strong>eum,</strong></span> <span class='ocrx_word' id='word_1_164' title='bbox 633 3574 719 3675; x_wconf 91' lang='lat' dir='ltr'><strong>quid</strong></span> <span class='ocrx_word' id='word_1_165' title='bbox 753 3599 817 3671; x_wconf 83' lang='lat' dir='ltr'><strong>ego</strong></span> <span class='ocrx_word' id='word_1_166' title='bbox 853 3571 1018 3644; x_wconf 88' lang='lat' dir='ltr'><strong>deberem</strong></span> <span class='ocrx_word' id='word_1_167' title='bbox 1049 3570 1222 3642; x_wconf 77' lang='lat' dir='ltr'><strong>Sextios:</strong></span> 
     </span>
     <span class='ocr_line' id='line_1_24' title="bbox 215 3694 1221 3795; baseline 0.001 -29"><span class='ocrx_word' id='word_1_168' title='bbox 215 3720 320 3795; x_wconf 89' lang='lat' dir='ltr'><strong>quem</strong></span> <span class='ocrx_word' id='word_1_169' title='bbox 345 3695 469 3794; x_wconf 84' lang='lat' dir='ltr'><strong>vellet,</strong></span> <span class='ocrx_word' id='word_1_170' title='bbox 494 3696 600 3770; x_wconf 88' lang='lat' dir='ltr'><strong>alium</strong></span> <span class='ocrx_word' id='word_1_171' title='bbox 627 3698 719 3771; x_wconf 91' lang='lat' dir='ltr'><strong>diem</strong></span> <span class='ocrx_word' id='word_1_172' title='bbox 746 3700 774 3770; x_wconf 90' lang='lat' dir='ltr'><strong>si</strong></span> <span class='ocrx_word' id='word_1_173' title='bbox 801 3697 997 3794; x_wconf 80' lang='lat' dir='ltr'><strong>sumsisset,</strong></span> <span class='ocrx_word' id='word_1_174' title='bbox 1021 3721 1079 3767; x_wconf 89' lang='lat' dir='ltr'><strong>me</strong></span> <span class='ocrx_word' id='word_1_175' title='bbox 1096 3694 1128 3766; x_wconf 89' lang='lat' dir='ltr'><strong>ei</strong></span> <span class='ocrx_word' id='word_1_176' title='bbox 1146 3718 1221 3767; x_wconf 89' lang='lat' dir='ltr'><strong>non</strong></span> 
     </span>
     <span class='ocr_line' id='line_1_25' title="bbox 215 3818 1219 3897; baseline -0.002 -5"><span class='ocrx_word' id='word_1_177' title='bbox 215 3818 423 3894; x_wconf 86' lang='lat' dir='ltr'><strong>defuturum.</strong></span> <span class='ocrx_word' id='word_1_178' title='bbox 450 3824 504 3896; x_wconf 91' lang='lat' dir='ltr'><strong>Ita</strong></span> <span class='ocrx_word' id='word_1_179' title='bbox 529 3837 605 3897; x_wconf 88' lang='lat' dir='ltr'><strong>tum</strong></span> <span class='ocrx_word' id='word_1_180' title='bbox 629 3824 687 3897; x_wconf 90' lang='lat' dir='ltr'><strong>ille</strong></span> <span class='ocrx_word' id='word_1_181' title='bbox 714 3824 872 3896; x_wconf 86' lang='lat' dir='ltr'><strong>discessit</strong></span> <span class='ocrx_word' id='word_1_182' title='bbox 897 3824 1014 3894; x_wconf 89' lang='lat' dir='ltr'><strong>iratus.</strong></span> <span class='ocrx_word' id='word_1_183' title='bbox 1042 3822 1136 3893; x_wconf 86' lang='lat' dir='ltr'><strong>Puto</strong></span> <span class='ocrx_word' id='word_1_184' title='bbox 1162 3842 1219 3890; x_wconf 90' lang='lat' dir='ltr'><strong>me</strong></span> 
     </span>
     <span class='ocr_line' id='line_1_26' title="bbox 213 3941 1218 4047; baseline -0.001 -30"><span class='ocrx_word' id='word_1_185' title='bbox 213 3941 276 4019; x_wconf 87' lang='lat' dir='ltr'><strong>tibi</strong></span> <span class='ocrx_word' id='word_1_186' title='bbox 301 3971 468 4023; x_wconf 88' lang='lat' dir='ltr'><strong>narrasse.</strong></span> <span class='ocrx_word' id='word_1_187' title='bbox 494 3948 576 4026; x_wconf 89' lang='lat' dir='ltr'><strong>Non</strong></span> <span class='ocrx_word' id='word_1_188' title='bbox 601 3949 759 4024; x_wconf 89' lang='lat' dir='ltr'><strong>laboravi</strong></span> <span class='ocrx_word' id='word_1_189' title='bbox 785 3947 939 4047; x_wconf 89' lang='lat' dir='ltr'><strong>scilicet,</strong></span> <span class='ocrx_word' id='word_1_190' title='bbox 972 3972 1038 4020; x_wconf 91' lang='lat' dir='ltr'><strong>nec</strong></span> <span class='ocrx_word' id='word_1_191' title='bbox 1063 3944 1218 4019; x_wconf 87' lang='lat' dir='ltr'><strong>bominis</strong></span> 
     </span>
    </p>
   </div>
   <div class='ocr_carea' id='block_1_8' title="bbox 0 0 1328 4822">
    <p class='ocr_par' dir='ltr' id='par_1_8' title="bbox 0 0 1328 4822">
     <span class='ocr_line' id='line_1_27' title="bbox 0 0 1328 4822; baseline 0 3"><span class='ocrx_word' id='word_1_192' title='bbox 0 0 1328 4822; x_wconf 95' lang='lat' dir='ltr'><strong> </strong></span> 
     </span>
    </p>
   </div>
  </div>
 </body>
</html>
