2648 4822
438 491 476 540 nr
502 488 693 584 surerenas
998 464 1070 575 517

101 592 222 672 Cicero,
235 611 331 674 quum
344 590 589 675 supplicationem
610 594 760 655 decretam
782 591 941 679 significat,
955 596 996 658 Μ.
1010 596 1073 658 Bo-

98 699 202 762 lanum
234 699 447 782 commendat3
475 692 611 762 Vatinius
637 720 710 762 vero
737 699 865 762 verbum
892 701 930 764 de
956 702 1070 765 Bolano

96 808 214 870 nullum
241 807 311 868 facit
338 807 375 869 de
402 809 617 891 supplicatione
647 808 701 868 sibi
729 807 850 868 decreta
879 809 1070 893 respondeus.

97 918 201 995 Quare
229 918 383 998 opinatur,
408 914 499 996 idque
529 916 646 998 plaeere
668 915 734 977 VV.
754 916 822 975 DD.
851 915 938 1000 dicit,
959 917 1070 979 Vatinii

97 1034 128 1085 et
147 1023 269 1106 Sulpicii
283 1013 476 1104 ctimmunem
497 1022 585 1082 fuisse
606 1023 789 1106 provinciam
810 1005 970 1099 Illy'rieum.
992 1026 1072 1108 Apte

97 1131 137 1190 ad
158 1148 222 1191 rem
244 1130 288 1190 Cl.
310 1132 449 1191 Lemaire
469 1131 500 1191 in
522 1150 575 1190 sua
596 1128 643 1190 ed.
664 1130 821 1190 Parisieusi
844 1131 945 1192 locum
966 1119 1073 1193 laudat

98 1238 185 1298 Hirtii
218 1237 256 1297 de
284 1237 356 1298 Bell.
382 1235 444 1298 ntr.
477 1255 530 1297 ro:
557 1238 629 1320 Ipse
656 1236 817 1319 (Caesar)
843 1260 911 1298 euos
941 1239 1072 1300 raberti-

97 1346 151 1406 bus
177 1345 211 1405 V
207 1344 251 1405 II
254 1390 262 1423 ‚
283 1366 362 1427 qttae
381 1365 424 1406 ex
449 1347 590 1406 veteranis
613 1344 777 1424 legionibus
791 1379 832 1390 -
848 1367 916 1406 eum
937 1346 1071 1430 Sulpicio

97 1466 125 1513 et
148 1451 184 1512 V
179 1453 273 1513 atinio
294 1474 357 1513 rem
375 1466 528 1535 gesseram
533 1498 544 1525 ,
568 1471 611 1513 ex
635 1432 749 1537 oppido
777 1453 913 1537 Ruspina
939 1474 1072 1534 egressm
1143 1440 1145 1448 ¹

94 1556 296 1644 proficiscitur
312 1560 359 1622 ad
377 1573 505 1644 portum.

57 1691 75 1731 2
98 1670 182 1752 lure,
203 1669 288 1750 quod
308 1667 422 1731 habent
441 1689 476 1730 ex
496 1677 597 1728 nostra
617 1665 843 1729 necessitudine.

55 1778 74 1838 3
97 1776 260 1838 Lambinus
280 1776 388 1860 Ipsum
407 1809 449 1823 -
466 1777 681 1860 promittebam
703 1779 765 1838 sine
785 1778 967 1838 necessitate.

54 1885 182 1962 lpldem
204 1888 349 1946 maiorem
370 1888 401 1946 in
421 1884 552 1945 ηιοᾶιιηι.
989 1951 992 1956 ,

53 1993 214 2055 5Graeca
238 1991 405 2054 inflexione.
434 1992 539 2053 Lamb.
561 1992 777 2054 bibliothecam.
800 1995 882 2054 Tum
910 1995 1070 2055 maltorum

95 2119 301 2175 nummorum,
324 2101 423 2162 multis
435 2076 571 2162 ¹nummis
592 2113 711 2162 emtam.
733 2101 783 2160 Sic
804 2100 873 2161 Sall.
895 2098 960 2182 lug.
976 2122 1001 2161 c.
1015 2097 1069 2163 85:

99 2209 219 2295 Caqam
238 2211 336 2293 pluris
354 2210 444 2292 pretii
450 2233 462 2280 ,·
484 2229 574 2291 quern
595 2209 696 2269 locum
717 2211 776 2267 iam
796 2207 915 2269 Cortius
929 2208 1071 2270 laudarit.

96 2319 143 2378 De
163 2319 308 2394 Dionysio
329 2316 398 2379 vide
420 2335 486 2400 epp.
509 2315 654 2398 DXCIX,
675 2335 693 2376 α
717 2326 746 2375 et
765 2314 886 2396 DCLV,
911 2337 935 2376 1.

54 2424 76 2486 6
97 2425 147 2486 Sic
167 2446 235 2486 mss.
256 2425 357 2509 plures
379 2431 409 2485 et
434 2422 501 2485 edd
527 2445 573 2506 pr.
596 2422 696 2507 Vulgo
723 2424 909 2508 megaeram
931 2424 1071 2506 autiquae

97 2533 213 2616 sordes,
234 2542 269 2594 ut
289 2530 418 2594 diximus
440 2531 479 2593 ad
500 2532 813 2616 ep.uxxv1t‚n0t.
836 2532 864 2592 3.

427 2738 429 2742 ’
501 2772 624 2833 ncxx.

60 2966 144 3026 rDc
169 2963 332 3025 architecto
351 2961 471 3024 videtur
499 2982 598 3023 sermo
623 2981 703 3044 esse,
730 2963 816 3022 euius
843 2981 936 3044 opera
960 2961 1071 3029 Caesar

97 3082 234 3134 uteretur
264 3074 294 3133 in
326 3069 522 3131 describendo
553 3067 646 3130 modo
677 3067 761 3131 urbis
794 3068 962 3130 dilatandae
995 3071 1070 3154 (ep.

96 3180 245 3259 Dxcttt,
270 3172 328 3258 5),
354 3198 452 3259 eoque
478 3177 555 3237 adeo
583 3193 694 3260 gaeso
718 3174 848 3237 homine.
875 3177 956 3238 Eum
983 3187 1072 3238 vocat

94 3289 247 3371 gentilem,
273 3298 308 3348 ut
327 3289 450 3368 opinor,
477 3287 548 3367 quia
574 3303 716 3368 graecus,
737 3283 921 3346 Atheniensis
948 3283 1072 3344 fortasse
1098 3315 1100 3320 v

98 3399 188 3457 etiam
209 3405 280 3456 erat
302 3394 422 3456 Ernest'
437 3394 564 3476 Proprie
586 3394 700 3475 gentilis
721 3404 781 3473 est,
806 3394 857 3475 qui
878 3389 971 3451 habet
991 3388 1072 3451 idem

94 3521 206 3564 nornen
227 3503 372 3583 familiae,
397 3513 428 3562 et
448 3512 492 3562 est
518 3500 652 3562 eiusdem
680 3504 789 3581 gentis,
811 3498 864 3560 sed
889 3508 994 3581 postea
1019 3491 1073 3581 qui

95 3609 189 3670 habet
209 3611 289 3670 idem
312 3631 486 3693 cognomen
510 3609 570 3668 Cic.
593 3609 715 3669 Tuscul.
735 3610 764 3691 l,
784 3606 828 3668 16.
844 3607 872 3668 J.
887 3607 923 3666 F.
941 3605 1071 3666 Grorwvt

54 3736 73 3777 a
97 3718 235 3778 Subaudi
256 3730 388 3800 quatuor
401 3718 611 3801 Academicos;
633 3739 679 3801 ep.
700 3716 817 3796 DCXl‚
838 3717 865 3776 3.
888 3713 999 3774 Addidi
1013 3713 1073 3773 da-

96 3839 194 3885 turum
215 3847 253 3885 ex
274 3824 342 3885 edd.
358 3827 432 3886 lens.
446 3825 531 3905 Aldj,
544 3828 609 3886 Asc.
629 3824 825 3907 aliorumque.
837 3822 939 3903 Vulgo
956 3820 1070 3898 ebetat.

56 3931 75 3994 3
96 3933 212 4016 Nempe
233 3933 348 4012 Varro,
367 3933 445 3994 hane
472 3934 556 4017 epist
585 3950 680 4017 quum
705 3930 848 3995 scriberet
869 3930 991 4012 Cicero,
1010 3928 1070 3989 Ro·

96 4055 179 4102 mam
201 4041 260 4101 iam
282 4052 411 4102 venerat.
427 4041 546 4103 'Eruent
