2648 4822
484 481 522 526 m
547 475 743 526 amsronas
1042 456 1117 553 445

106 607 128 666 9
148 583 231 642 Libri
253 581 365 663 aliquot
385 594 543 663 tantopere.

111 714 145 751 ιο
168 691 227 751 Cic.
255 712 300 773 ep·
327 689 473 750 DCXCII.
502 700 590 749 extu:
616 688 785 749 Vestorium
805 690 898 748 -in
923 690 1115 752 arithmeticis

145 802 219 858 satis
239 799 448 871 exercitatum,
471 808 500 857 et
520 818 576 879 pro
597 798 676 856 Mur.
699 817 724 855 c.
744 793 794 856 18:
816 797 949 856 homiues
971 800 1001 856 in
1021 800 1114 858 niori·

144 909 223 965 timis
248 906 339 965 ¹rebus
369 907 616 966 exercitatissimi.
642 904 739 987 Vide,
766 907 823 983 sis,
849 904 938 986 plura
968 904 1025 965 alia
1055 928 1111 988 pro

144 1014 260 1074 Cluent.
280 1036 328 1097 19,
350 1036 395 1095 ep.
416 1015 528 1094 XXIX,
549 1035 572 1073 1.
594 1014 699 1093 ltaque
719 1015 817 1071 minus
831 1023 911 1072 recte
930 1025 998 1095 post
1012 1014 1113 1074 Mart·

143 1124 299 1203 Laguuam
327 1121 499 1181 Sebiitzius:
524 1122 596 1182 Non
620 1122 680 1180 illis
708 1120 792 1180 rebus
818 1144 844 1181 e.
866 1123 947 1180 Tum
975 1124 1029 1203 qui
1054 1144 1111 1204 pro

142 1229 294 1311 qiiomodo
323 1231 501 1290 tralaticium
533 1241 584 1290 est.
613 1230 682 1289 Mox
708 1230 833 1303 callere,
859 1229 888 1288 h.
916 1252 941 1290 e.
969 1230 1045 1290 callo
1073 1253 1111 1292 ex

143 1338 356 1397 consuetudine
377 1338 455 1398 Iacto
478 1338 596 1397 durare.

107 1467 135 1503 ιι
162 1445 344 1504 Αάνοὼὶυη]
366 1468 408 1505 an
428 1445 476 1505 hie
498 1449 587 1506 servit
608 1445 803 1526 dubitationi,
824 1467 884 1505 non
907 1449 1111 1529 interrogatio·

140 1557 185 1632 ni,
207 1554 288 1636 apud
309 1557 482 1614 Lucretium
504 1555 542 1634 V,
569 1554 639 1634 175:

232 1716 289 1781 An,
308 1714 401 1782 credo,
420 1716 447 1765 in
465 1714 577 1766 tenebris
594 1716 663 1782 vita,
681 1732 711 1767 ac
728 1733 844 1768 moerore
864 1715 977 1784 iacebat,

139 1873 197 1932 hoe
216 1884 273 1956 est,
295 1897 348 1956 an,
368 1887 403 1935 ut
423 1875 514 1935 credo
532 1886 603 1952 ete,
624 1897 693 1935 cum
708 1878 818 1953 ironia,
832 1887 866 1937 ut
881 1880 940 1935 iam
955 1877 1028 1936 vidit
1040 1878 1107 1937 Ma·

138 1984 246 2041 nutius.
268 1982 424 2043 Schtitzius
437 1971 573 2044 Asillius
595 1985 699 2057 vicem,
721 1983 825 2057 eredo,
846 1983 947 2056 (lolem
969 1985 1052 2066 quod
1067 1987 1107 2046 sic

137 2110 223 2170 posse
249 2093 356 2170 corrigi
384 2093 441 2149 iam
469 2095 580 2173 pariter
604 2103 763 2152 monuerat
790 2093 942 2151 Manutius
964 2104 993 2152 et
1014 2092 1108 2153 edidit

136 2199 233 2277 prImo
259 2198 431 2258 Lambinus.
458 2201 539 2258 Tum
567 2201 704 2260 Davisius
726 2199 765 2258 ad
786 2200 846 2258 Cic.
869 2201 933 2258 Nat.
956 2201 992 2258 D.
1015 2200 1045 2281 I,
1066 2199 1108 2277 24

136 2303 212 2362 facili
233 2309 353 2384 negotio
375 2309 520 2365 coniicere
541 2317 661 2387 poterat
681 2305 768 2379 cedo,
789 2326 846 2388 pro
867 2305 989 2386 vulgato
1005 2306 1105 2379 credo,

135 2434 229 2497 quum
250 2416 309 2471 iam
331 2413 377 2473 ed.
400 2415 455 2472 Ilo.
477 2417 625 2496 scripserit
645 2413 727 2473 cedo.

99 2539 132 2577 ια
154 2521 422 2603 Martyni-Laguna
442 2543 511 2581 eum
534 2521 673 2581 Schiitzio
694 2541 810 2581 neeesse
831 2535 874 2580 est
895 2523 1064 2582 inveneris.

100 2627 132 2684 13
155 2628 196 2687 Vt
210 2640 380 2710 postquam
399 2629 509 2688 scilicet
523 2632 582 2687 iam
597 2629 692 2688 tribus
705 2631 852 2710 prImariis
869 2628 1106 2689 adolescentibus

134 2739 293 2818 nupsisset,
316 2737 348 2794 C.
370 2737 532 2819 Calpurnio
553 2738 654 2797 Pisoni
674 2738 769 2818 Frugi
791 2741 921 2819 primum
944 2737 1012 2820 (ep.
1033 2737 1105 2797 VIII

134 2848 240 2925 extr),
262 2843 370 2903 deiude
384 2845 478 2905 Furio
493 2846 661 2927 Crassipedi
677 2848 738 2926 (ep.
755 2846 863 2916 extu,
879 2867 895 2925 7
912 2859 942 2904 et
956 2846 1037 2922 Clll,
1056 2844 1104 2924 1),

132 2953 254 3009 tertium
275 2951 450 3012 Dolabellae
471 2953 536 3035 (ep.
559 2953 739 3034 CCLXXII,
759 2975 768 3011 1
789 2964 819 3013 et
833 2954 1038 3037 CCCLXXII,
1057 2952 1102 3035 1),

130 3069 272 3137 quartum
294 3063 382 3118 etiam
403 3059 531 3120 nuberet
552 3061 660 3120 Tullia.

96 3167 131 3241 14
153 3166 257 3226 Lamb.
278 3182 393 3247 ageret;
417 3171 560 3228 usitatiori
581 3169 685 3228 forma.

95 3273 132 3332 15
152 3275 211 3333 Zel.
232 3276 256 3333 B
277 3289 316 3358 te,
336 3290 396 3335 tito.

68 3380 130 3439 *16
150 3382 312 3464 Pepererat
332 3384 396 3465 (ep.
412 3382 681 3465 CCCLXXXW),
704 3383 756 3443 sed
772 3383 865 3444 infans
880 3382 962 3442 obiit.
984 3383 1100 3442 Memet.
1178 3399 1188 3422 ⁸

131 3490 279 3550 Victorius
304 3503 335 3551 et
355 3490 536 3553 Gebhurdus
565 3514 602 3551 ex
629 3494 711 3550 mstis
735 3505 877 3574 paramu-
906 3510 981 3571 quos
1001 3501 1103 3549 tamen

133 3609 214 3657 notat
235 3600 397 3681 Graevius,
420 3601 539 3659 Cortius
561 3611 591 3658 et
612 3600 775 3659 Ernestius,

95 3725 127 3783 17
150 3706 217 3764 Msti
240 3705 368 3767 libertate
390 3719 419 3768 et
442 3707 634 3777 liberalitem
662 3707 714 3767 sed
746 3710 876 3789 primum
905 3706 1103 3787 opportunius

129 3833 198 3870 cum
220 3813 310 3893 vulgo
331 3814 369 3872 ad
391 3836 454 3875 rem
476 3814 602 3874 ridetur.
625 3815 782 3874 Vteieutur
801 3816 929 3873 restituit
949 3813 1103 3872 Ernestius

129 3941 167 3979 ex
188 3933 264 3981 msto
286 3923 372 3982 Guol.
399 3935 430 3983 et
454 3923 522 3983 edd.
544 3925 661 4004 primis,
690 3935 719 3983 et
748 3933 792 3982 est
820 3925 849 3980 in
877 3920 971 3980 tribus
993 3918 1101 3992 Ambb

131 4038 161 4086 et
181 4028 251 4088 Rec.
268 4050 323 4110 pro
338 4029 459 4112 vulgato
480 4033 538 4103 uti,
560 4029 643 4113 quod
664 4029 746 4091 unde
766 4028 894 4112 pendeat
915 4026 1100 4100 nonhabet,

108 4147 139 4196 et
161 4134 200 4195 ad
217 4152 343 4219 possent
361 4137 472 4199 referre
496 4137 600 4201 dumus
625 4151 677 4199 est.
