2648 4822
185 394 225 439 ro
524 385 696 435 :marom
723 388 833 436 uxvn.
959 389 989 438 A.
1007 393 1041 440 v.
1059 393 1087 440 c.
1107 389 1153 456 70⁶

176 517 221 566 ne
247 489 440 564 consolatio
466 488 592 562 nullas
617 488 730 589 possit
754 514 836 560 vera
863 492 1021 590 reperiri,
1037 513 1178 592 praeter

175 617 286 718 illam,
312 644 400 720 quae
426 629 523 689 tanta
541 629 608 715 est,
628 629 798 717 quantum
819 618 856 687 in
874 618 1041 720 cuiusque
1059 625 1177 697 animo

175 745 311 819 roboris
337 757 390 817 est
415 758 519 845 atque
545 768 742 815 nervorum.
773 743 808 814 Si
835 744 927 814 euim
954 743 1044 818 bene
1070 751 1177 822 senti-

175 900 229 970 re,
255 888 417 974 recteque
443 872 555 943 facere
581 871 665 943 satis
692 882 746 941 est
770 868 816 942 ad
832 869 922 942 bene
940 870 1112 974 beateque
1130 878 1178 947 vi·

174 999 346 1073 rendum:
372 1024 515 1097 vereor,
539 1023 583 1070 ne
609 1023 705 1094 eum,
723 998 782 1097 qui
800 1023 837 1070 se
860 999 1075 1098 optimomm
1096 1029 1177 1075 cou-

174 1126 330 1200 eiliorum
364 1125 578 1198 conscientia
617 1136 811 1196 sustentare
844 1126 973 1224 possit,
1011 1128 1175 1201 miserum

173 1278 248 1326 esse
284 1252 381 1326 nefas
414 1254 460 1324 sit
492 1252 609 1324 dicere
628 1266 667 1322 ¹⁰.
704 1251 779 1324 Neo
812 1254 906 1323 enim
935 1278 999 1326 nos
1026 1253 1175 1329 arbitror

171 1381 339 1453 victoriae
365 1378 528 1479 praemiis
555 1378 698 1475 ductos,
726 1379 876 1476 patriam
902 1378 1003 1478 olim,
1026 1395 1063 1452 et
1087 1380 1173 1454 libe-

170 1533 251 1603 ros,
277 1521 313 1578 et
337 1504 495 1577 fortunas
521 1504 721 1605 reliquisse,
755 1503 818 1575 sed
857 1505 1037 1605 quoddam
1071 1508 1172 1580 nobis

169 1632 324 1706 officium
350 1633 504 1730 iustum,
528 1645 563 1702 et
589 1631 708 1730 pium,
738 1642 772 1700 et
799 1629 956 1702 debitum
982 1634 1032 1704 rei
1058 1634 1172 1732 pubii-

169 1785 230 1832 cae
255 1772 465 1860 nostraeque
492 1756 654 1854 dignitati
680 1754 887 1828 videbamur
912 1760 1025 1858 sequi:
1052 1786 1117 1832 nec
1132 1776 1171 1859 ¹¹,

167 1912 277 1987 quum
310 1884 348 1958 id
380 1883 611 1982 faciebamus,
647 1896 719 1955 tam
757 1909 893 1956 eramus
932 1900 1105 1985 amentes,
1132 1899 1172 1958 ut

167 2011 347 2113 explorata
374 2011 477 2084 nobis
511 2025 601 2084 esset
635 2011 790 2083 victoria.
825 2012 943 2105 Quare
973 2012 1003 2082 si
1027 2012 1065 2084 id
1090 2039 1170 2086 eve-

165 2140 241 2239 nit,
267 2139 363 2241 quod
387 2137 661 2237 ingredientibus
687 2137 791 2210 nobis
816 2139 855 2209 in
880 2164 1020 2210 causam
1041 2165 1169 2240 propo·

164 2265 269 2337 situm
295 2264 361 2337 fuit
385 2265 545 2337 accidere
572 2289 695 2364 posse:
727 2288 800 2335 non
834 2263 1003 2336 debemus
1035 2265 1083 2337 ita
1111 2293 1167 2339 ca·

164 2389 247 2464 dere
280 2391 427 2491 animis,
459 2392 558 2494 quasi
592 2389 726 2493 aliquid
760 2390 932 2491 evenerit,
966 2391 1061 2492 quod
1093 2394 1167 2464 fieri

151 2542 268 2618 ·p0sse
293 2544 486 2620 numquam
512 2518 717 2618 putarimus.
743 2518 859 2590 Simus
885 2518 990 2615 igitur
1015 2544 1055 2590 ea
1073 2545 1167 2591 men·

161 2658 214 2742 te,
239 2671 344 2744 quam
369 2645 458 2716 ratio
485 2657 520 2716 et
547 2645 675 2715 veritas
709 2642 976 2743 praeseribit12,
1008 2658 1047 2717 ut
1078 2643 1166 2717 nihil

160 2771 199 2841 in
223 2771 296 2842 vita
321 2769 424 2842 nobis
451 2767 720 2869 praestandum,
752 2784 892 2868 praeter
917 2770 1074 2871 culpam,
1098 2798 1164 2870 pu·

159 2907 295 2996 temus,
331 2921 441 2997 eaque
480 2923 587 2997 quum
626 2921 826 2995 careamus,
858 2898 975 2970 omnia
1009 2898 1161 2971 humana

158 3020 297 3122 placate
321 3034 359 3094 et
384 3022 565 3095 moderate
591 3022 749 3095 feramus.
767 3023 883 3125 Atque
908 3023 996 3096 haec
1022 3050 1064 3097 eo
1082 3050 1162 3124 per·

159 3149 249 3222 tinet
280 3149 409 3249 oratio,
444 3162 485 3221 ut
520 3149 667 3249 perditis
699 3150 803 3224 rebus
837 3144 1017 3248 omnibus,
1043 3162 1161 3222 tamen

158 3275 235 3376 ipsa
260 3276 370 3348 virtus
396 3301 433 3348 se
459 3290 654 3350 sustentare
680 3303 784 3377 posse
810 3277 978 3350 videatur.
1017 3276 1104 3375 Sed,
1130 3278 1159 3348 si

156 3414 211 3474 est
235 3427 315 3502 spes
341 3401 454 3503 aliqua
482 3402 584 3476 rebus
619 3403 885 3500 communibus,
920 3428 959 3474 ea
995 3417 1054 3501 tu,
1081 3403 1157 3504 qui-

155 3552 305 3629 cumque
331 3542 440 3601 status
467 3544 521 3602 est
544 3528 698 3629 suturas,
723 3556 838 3633 carere
863 3555 937 3602 non
963 3527 1079 3601 debes.
1097 3531 1159 3601 At-

155 3680 222 3756 que
247 3653 333 3726 baec
358 3655 444 3727 mihi
482 3655 649 3729 scribenti
682 3657 846 3728 veniebat
878 3657 914 3727 in
940 3656 1154 3753 mentem1³,

151 3805 208 3852 mc
234 3807 313 3852 eum
340 3807 437 3880 esse,
475 3783 572 3854 cuius
611 3796 647 3854 tu
683 3782 963 3882 desperationem
991 3807 1154 3854 accusare

150 3905 271 3979 solitus
297 3934 404 4007 esses,
423 3934 596 4009 quemque
623 3909 830 3982 auctoritate
848 3922 908 3979 tua
927 3920 1152 3981 cunctantem
