2648 4822
489 410 659 463 rrrs'rona
686 414 799 461 nxerx.
944 412 975 461 a.
988 416 1023 463 v.
1039 416 1068 463 c.
1088 416 1131 479 ,σε

570 642 733 714 DXLIX.
874 682 927 741 (aa
947 684 998 728 au
1018 684 1132 743 xu‚3·)

158 830 378 905 Argurrrruturu.
408 824 454 881 De
486 824 577 881 Drusi
611 821 706 881 hortis
740 821 810 879 saue
842 821 961 880 Tulliae
995 822 1150 881 extruenda

196 932 338 991 ruuudis.

236 1142 289 1189 Str.
309 1140 416 1188 Asturae
435 1137 464 1186 Α.
483 1134 516 1185 V.
535 1134 564 1185 C.
585 1133 735 1199 cccviii,
754 1150 840 1184 mense
859 1133 938 1183 Mart.
956 1142 1077 1185 eaerrntc.

468 1332 614 1397 CICERO
639 1331 790 1397 ATTICO
816 1334 846 1395 S.

205 1524 326 1596 Silium
343 1536 495 1594 mutasse
513 1521 723 1593 sententiam
739 1521 818 1593 Sica
835 1520 1038 1595 mirabatur.
1052 1524 1149 1625 Equi-

156 1649 236 1722 dem
261 1650 371 1745 inagis
396 1649 522 1745 miror,
546 1646 660 1747 quod,
683 1673 792 1747 quum
817 1648 854 1718 in
880 1645 991 1721 filium
1016 1674 1148 1721 causam

154 1776 348 1872 conferret,
382 1800 470 1875 quae
503 1772 589 1844 mihi
615 1799 689 1845 non
713 1774 872 1845 iniusta¹
901 1775 1044 1847 ridetur
1066 1775 1148 1867 (ha-

153 1901 216 1974 bet
239 1903 333 1973 euim
359 1900 497 2002 qualem
522 1899 599 1973 vult
615 1910 646 1999 >3
677 1900 727 1971 ais
760 1914 795 1971 te
829 1914 976 2000 putare,
1000 1902 1032 1975 si
1057 1901 1148 1974 addi·

155 2027 307 2102 derimus
333 2028 429 2100 aliud
446 2043 472 2127 ²,
504 2054 524 2099 a
557 2052 628 2127 quo
658 2026 826 2125 refugiat,
860 2054 969 2129 quum
1008 2028 1053 2101 ab
1077 2030 1147 2129 ipso

153 2156 192 2228 id
215 2156 319 2229 suerit
344 2155 579 2252 destinatum,
605 2153 840 2226 venditurum.
867 2156 1017 2245 Quaeris
1042 2182 1064 2229 a
1086 2180 1148 2251 me,

153 2282 251 2383 quod
275 2308 452 2353 summurn
476 2282 628 2379 pretium
655 2281 884 2379 constituam,
901 2294 937 2353 et
954 2282 1148 2382 quantum³

152 2411 284 2482 anteire
309 2410 395 2482 istos
421 2408 543 2480 hortos
569 2407 689 2478 Drusi:
716 2408 846 2480 accessi
866 2432 1069 2509 numquam.
1088 2408 1148 2481 Ge

151 2537 341 2635 pouianau
368 2533 486 2608 villam
514 2547 550 2604 et
574 2546 746 2631 veterem,
766 2546 802 2604 et
823 2558 896 2605 non
913 2560 1077 2632 maguam
1096 2558 1148 2605 nc·

152 2662 204 2757 ri,
229 2659 352 2731 silvam
370 2658 544 2757 nobilem,
562 2658 713 2731 fructum
732 2672 848 2731 autem
867 2661 1044 2733 neutrius:
1062 2657 1148 2761 quod

152 2800 271 2857 tamen
296 2799 384 2884 puto
411 2812 477 2858 nos
503 2786 590 2857 scire
617 2799 790 2885 oportere.
825 2784 896 2857 Sed
922 2786 1010 2857 mihi
1033 2784 1147 2860 utrivis

151 2911 299 2982 istorum
327 2924 483 3009 tempore
510 2912 619 3009 magis
644 2938 723 2983 meo
742 2910 769 3009 i,
802 2935 908 3011 quarn
938 2914 1075 2985 ratione
1098 2936 1148 2983 ae·

152 3036 317 3107 stimaurli
342 3051 432 3108 sunt.
458 3038 596 3109 Possim
624 3052 742 3109 autem
774 3037 928 3138 assequi,
963 3064 1094 3135 necne,
1116 3051 1148 3109 tn

151 3162 255 3235 velim
283 3165 423 3261 cogites.
450 3165 487 3235 Si
520 3166 614 3235 enirn
647 3164 913 3237 Faberianurn⁵
945 3164 1147 3257 venderem,

151 3288 326 3387 explicare
355 3290 410 3361 vel
435 3291 755 3387 repraesentatione
784 3316 858 3363 non
888 3290 1087 3363 ‹hibitarem
1111 3286 1147 3359 de

151 3414 288 3486 Silianis
305 3419 331 3513 ⁶,
358 3418 385 3486 si
413 3416 521 3488 modo
548 3417 797 3514 adduceretur,
830 3430 870 3487 ut
902 3416 1094 3515 venderet,
1123 3412 1146 3485 si

149 3539 289 3612 venales
315 3566 388 3611 nou
415 3542 580 3639 liaberet,
613 3544 797 3613 transirem
823 3541 869 3613 ad
894 3543 1071 3641 Drusum,
1099 3535 1145 3613 rel

151 3665 279 3763 tantir,
304 3669 423 3766 quanti
450 3670 620 3765 Egnatius
647 3667 745 3739 illurn
772 3667 861 3740 velle
888 3666 950 3739 tibi
969 3668 1065 3740 dixit.
1085 3670 1145 3739 iila·

149 3816 218 3887 guo
244 3792 351 3863 etiam
377 3792 580 3865 adiumento
607 3793 710 3865 uobis
736 3793 1011 3891 Ilermogenes⁸
1039 3802 1143 3894 potest

148 3942 225 3990 esse
250 3919 286 3990 iu
309 3920 608 4019 repraesentando
635 3920 683 3993 At
702 3935 740 3992 tu
758 3918 914 3993 concede
931 3919 1035 4019 mihi,
1053 3940 1142 4019 quae
