2648 4822
160 404 211 503 98
493 416 665 469 rrrsroua
691 421 815 468 oxum.
936 422 967 469 Α.
985 423 1019 470 v.
1038 424 1068 472 c.
1085 422 1133 487 ²⁰⁸

161 524 280 599 malim
294 540 319 623 ¹,
336 549 439 626 quam
458 523 706 595 aestimatione.
723 521 951 621 Voluptarias
967 525 1063 597 enim
1079 551 1155 626 pos-

162 652 333 725 sessiones
366 649 464 723 nolet
495 648 606 722 Silius.
631 648 870 748 Vectigalibus
897 662 1016 723 autem
1040 664 1082 725 ut
1104 652 1156 727 bir

161 803 306 878 possum
331 803 406 850 esse
432 788 637 875 contentus,
662 801 750 877 quae
775 774 908 877 habeo,
932 777 983 850 sic
1008 778 1068 852 vix
1092 756 1157 851 iui-

159 903 304 977 noribus
320 906 345 975 ³.
370 902 476 977 Vnde
501 928 583 1001 ergo
608 900 846 976 numeratoii
871 902 947 975 H·S
973 928 1017 976 oe
1043 905 1155 1005 expri-

158 1056 235 1105 mes
271 1031 315 1104 ab
347 1031 592 1129 Hermogene,
629 1056 739 1130 quum
775 1029 978 1129 praesertim
1016 1055 1155 1105 necesse

160 1158 242 1257 crit,
268 1171 304 1230 et
329 1157 425 1231 domi
451 1156 557 1231 video
582 1180 657 1229 esse
682 1154 758 1229 H·S
784 1180 837 1228 oc.
865 1154 1033 1257 Reliquae
1056 1182 1156 1257 pecu·

159 1284 238 1355 niae
264 1283 319 1356 rel
345 1311 485 1357 usuram
512 1282 597 1357 Silio
622 1282 834 1383 pendemus,
859 1281 944 1357 dum
961 1308 981 1355 a
998 1282 1155 1381 Faberio,

158 1409 216 1482 rel
241 1409 286 1483 ab
312 1410 452 1512 aliquo,
477 1411 535 1511 qui
560 1408 710 1483 Faberio
736 1408 857 1508 debet,
883 1408 1154 1508 repraesentabi-

159 1562 246 1608 mus.
271 1537 351 1609 En't
375 1537 479 1608 etiam
505 1534 637 1635 aliquid
663 1533 833 1608 alicunde.
858 1533 928 1607 Sed
953 1547 1067 1608 totam
1085 1560 1155 1609 rem

160 1674 197 1732 tu
224 1659 441 1758 gubernabis.
467 1662 647 1733 Dmsianis
673 1686 757 1733 vero
786 1660 852 1734 hor
878 1659 1022 1734 hortis⁵
1046 1658 1154 1735 multo

159 1799 355 1886 antepono:
381 1813 494 1888 nequo
519 1801 602 1860 sunt
626 1813 793 1889 umquam
819 1787 1013 1887 comparati
1025 1790 1052 1859 ⁶.
1070 1786 1154 1861 Mihi

159 1912 280 2011 crede,
305 1939 374 1986 uua
400 1939 456 1985 me
482 1940 586 1987 causa
611 1928 748 2013 movet,
772 1915 810 1986 in
835 1939 904 2016 qua
929 1915 1002 1987 scio
1033 1940 1089 1987 me
1112 1942 1153 1983 τε-

158 2046 331 2119 reportes.
351 2038 437 2139 Sed,
454 2054 493 2112 ut
510 2041 610 2139 facis,
627 2040 819 2142 obsequere
836 2040 918 2113 huic
940 2042 1052 2115 errori
1068 2064 1152 2113 meo.

157 2163 249 2237 Nam
276 2164 372 2265 quod
396 2165 520 2239 scribis
546 2172 700 2263 ἑῃέραμα
718 2188 744 2266 7,
776 2181 893 2241 actum
923 2167 994 2239 iam
1020 2166 1066 2240 de
1088 2166 1152 2239 isto

158 2304 232 2362 est:
257 2290 324 2364 alia
350 2293 459 2391 magis
485 2320 623 2393 quaero.

575 2545 740 2621 DXLIV.
870 2586 928 2645 (aa
943 2585 994 2633 ru.
1010 2587 1070 2649 xn,
1086 2588 1130 2645 as)

157 2717 375 2796 Argumentum.
403 2720 503 2781 Sieum
532 2721 570 2781 ad
600 2743 632 2782 se
654 2734 829 2797 venturum3
853 2723 969 2783 Atticus
990 2723 1075 2805 quod
1094 2742 1150 2783 nou

197 2828 296 2887 reniet
315 2848 347 2888 se
367 2831 534 2909 ignoscere;
554 2832 669 2891 Niciam
690 2833 729 2893 ud
750 2855 781 2894 se
802 2836 904 2894 venire
923 2833 1016 2895 noile.

256 3032 309 3084 Ser.
327 3032 436 3086 Asturae
453 3036 483 3087 Δ.
502 3036 534 3089 V.
549 3037 577 3090 C.
597 3037 747 3106 DCCVIII,
765 2988 826 3093 circ.
845 3038 895 3091 1111
913 3038 972 3127 Kei.
992 3040 1055 3113 dpr.

467 3236 611 3302 CICERO
636 3238 786 3302 ATTICO
812 3240 842 3301 S.

205 3420 303 3518 Sicu,
329 3436 369 3493 ut
393 3424 530 3523 scribit,
561 3426 667 3498 etiam
692 3427 718 3498 si
747 3424 833 3499 nihil
857 3428 1050 3501 confecerit
1074 3452 1148 3501 cum

156 3544 196 3615 A.
223 3544 323 3643 Silio,
349 3561 465 3620 tamen
491 3577 528 3622 se
554 3551 673 3623 scribit
699 3552 737 3624 X
762 3551 940 3625 Kalendas
968 3580 1046 3628 esse
1070 3578 1149 3629 ven·

155 3684 281 3743 turum.
308 3672 393 3745 Tuis
419 3678 710 3774 occupationibus
735 3680 898 3779 ignosco,
913 3705 1046 3782 eaeque
1069 3678 1149 3753 mibi

154 3812 237 3870 sunt
260 3812 376 3872 uotae.
400 3802 453 3872 De
478 3801 658 3877 voluntate
687 3820 762 3905 tua,
779 3820 819 3880 ut
835 3806 937 3880 simui
955 3808 1081 3907 simus,
1099 3802 1147 3877 vei

149 3924 266 3998 studio
302 3925 420 4027 potius
455 3941 491 3999 et
516 3931 727 4031 cupiditate,
756 3959 828 4007 non
854 3932 988 4009 dubito.
1013 3934 1069 4009 De
1092 3928 1147 4007 Ni·
