2648 4822
532 427 569 476 m
594 424 783 477 arrsronas
1005 427 1008 431 ·
1088 400 1164 501 489

199 529 331 613 uxxu,
343 526 443 611 neque
457 529 554 613 ipsum
569 531 685 590 ooncise
698 527 831 589 locutum
845 537 928 611 puto.
950 528 1088 591 Dixisset:
1108 530 1165 613 qui

200 659 294 720 nuper
304 637 383 719 sicit,
410 635 456 696 vel
476 637 530 718 qui
548 657 643 719 πωρον
660 632 744 696 vixr‘t.
799 678 801 682 <

163 765 195 805 ιι
220 746 322 805 Nescio
342 763 440 826 quam,
464 753 544 803 recta
574 741 680 802 Bosius
712 739 860 802 addiderit
890 740 1163 822 coniunctissima,

199 873 277 933 quae
297 872 356 911 vox
376 849 415 910 ab
436 848 574 909 omnibus
595 848 656 910 fere
677 848 759 910 libris
780 845 872 910 abest.

163 977 197 1017 m
219 960 280 1035 Qui
302 979 370 1018 cum
393 960 456 1040 ipso
478 959 507 1015 in
528 957 710 1038 provinciam
723 962 726 967 '
741 958 861 1038 ierunt3
890 973 960 1016 nam
991 954 1032 1017 illi
1058 955 1162 1017 decem

197 1068 288 1148 quasi·
301 1065 423 1126 secundi
445 1065 537 1125 suere.
558 1059 672 1125 Enest.
692 1063 770 1125 Vide
791 1086 838 1147 ep.
858 1063 1001 1147 DXCVI,
1027 1083 1050 1124 ι.

598 1302 722 1367 DXCV.

162 1515 172 1553 ι
197 1493 242 1552 Ex
262 1503 392 1574 quatuor
412 1493 483 1553 iocis
513 1492 704 1576 epistolarum
730 1490 868 1572 mciv,
888 1488 909 1553 5
915 1512 925 1573 ς
951 1492 1099 1570 DXCIH,
1119 1491 1161 1575 43

197 1599 359 1677 Dxcmt
380 1612 410 1661 et
428 1600 529 1679 DXC,
551 1601 569 1660 3
591 1600 753 1683 colligitur,
773 1602 976 1682 quaestionem
998 1600 1036 1661 de
1057 1599 1162 1661 decem

197 1708 300 1788 legatis
321 1730 358 1768 ex
380 1708 458 1768 scto
480 1707 518 1768 ad
539 1706 668 1768 Achaiae
698 1728 746 1768 res
773 1707 991 1768 oonstituendas
1012 1709 1047 1768 A.
1068 1707 1105 1767 V.
1127 1706 1161 1768 C.

194 1815 306 1876 DCVll
331 1836 400 1874 cum
419 1815 454 1875 L.
475 1815 622 1875 Mummio
643 1813 764 1874 Procas.
792 1814 932 1897 profectis
957 1812 1018 1874 huc
1039 1813 1161 1875 tandem

195 1922 347 2004 recidere,
368 1925 490 2006 quinam
519 1921 576 1982 fait
596 1923 777 1983 Tuditanus·
794 1921 864 2004 ille,
894 1943 984 2004 quem
1004 1921 1160 1983 indecem

113 2042 116 2052 “
177 2032 379 2090 ‘nominatum
400 2032 430 2089 in
451 2040 521 2091 vett.
555 2029 710 2090 annalibus
740 2029 910 2112 reperiebat
939 2031 1053 2091 Cicera.
1083 2031 1159 2090 Nam

196 2136 228 2196 C.
250 2137 416 2198 Tuditanus
438 2135 485 2198 ille
507 2137 655 2197 Hortensii
676 2138 802 2197 oratoris
823 2158 896 2197 avus
915 2147 1081 2219 maternus,
1106 2139 1159 2218 qui

196 2264 273 2303 anno
294 2255 361 2325 post
380 2255 520 2324 quaestor
539 2243 725 2325 provincialis
745 2241 820 2325 fuit,
851 2264 942 2325 quam
970 2241 1037 2303 Cos.
1056 2245 1160 2305 Mum·

195 2353 292 2427 mius,
312 2349 421 2410 scilicet
440 2351 475 2410 a
490 2349 527 2410 V.
542 2350 575 2409 C.
596 2349 741 2427 DGVHI,
762 2351 875 2431 quique
895 2347 968 2412 XIV
988 2353 1071 2411 annis
1090 2360 1160 2431 post

195 2454 380 2517 consulatum
402 2456 535 2517 eiusdem
555 2457 709 2538 Mummii,
732 2455 841 2517 scilicet
860 2457 895 2516 Α.
915 2456 953 2517 V.
974 2456 1007 2517 C.
1028 2457 1158 2516 Dcxxl

194 2565 228 2625 P.
250 2565 366 2647 Popilio
387 2574 417 2625 et
437 2565 470 2623 P.
492 2563 610 2648 Rupilio
632 2584 726 2647 coss,
756 2575 878 2647 praetor
904 2573 947 2625 est
972 2563 1067 2625 factus
1087 2563 1157 2647 (ep.

194 2671 328 2754 Dxcu,
348 2669 411 2753 4),
438 2693 529 2754 quem
557 2681 656 2733 tamen
676 2674 707 2733 in
728 2671 832 2732 decem
853 2671 941 2733 fuisse
960 2671 1087 2756 putabat
1107 2673 1159 2733 Ci-

196 2799 266 2838 cero
286 2781 348 2861 (ep.
368 2779 508 2858 DXC1V‚
528 2778 585 2862 5);
614 2800 675 2839 non
705 2790 823 2863 poterat
853 2801 915 2841 esse
945 2779 1077 2861 legatus,
1106 2781 1159 2863 qui

195 2885 328 2946 nondum
349 2899 471 2969 praetor
490 2887 584 2948 faetus
604 2887 703 2948 iuerat
723 2891 793 2970 (ep.
814 2887 946 2970 Dxclt,
966 2887 1022 2969 4);
1052 2887 1104 2949 sed
1125 2888 1158 2948 C.

195 2992 364 3054 Tuditanus
384 2997 498 3073 senior,
518 2997 677 3077 superioris
697 3006 798 3078 pater,
813 3006 843 3055 et
858 2994 1005 3055 Hortensii
1019 3016 1159 3078 proavus,

195 3122 285 3182 quem
308 3102 413 3162 Cicero
433 3123 494 3162 non
513 3113 600 3163 norat
621 3105 681 3184 (ep.
703 3103 843 3184 Dxciv,
863 3099 916 3183 5).
938 3104 1013 3163 Rem
1034 3105 1076 3162 sio
1095 3124 1159 3164 esse

195 3229 275 3267 nunc
295 3219 396 3290 putat,
427 3219 456 3270 et
486 3230 524 3294 εξ
554 3208 599 3269 his
619 3208 739 3268 duobus
760 3209 917 3269 Tuditanis
938 3220 1073 3292 patrem,
1098 3230 1159 3270 non

194 3313 309 3391 filiurn,
340 3318 391 3397 qui
422 3337 489 3376 sero
519 3327 587 3399 post
618 3316 803 3376 consulatum
834 3317 970 3377 Mummii
1002 3315 1159 3377 dumtaxat

194 3435 385 3504 quaesturam
417 3424 543 3507 adeptus
573 3433 636 3503 est,
665 3426 697 3483 in
723 3422 826 3485 decem
857 3424 946 3484 fuisse
971 3434 1158 3506 compertum

195 3527 295 3589 habet.

155 3654 174 3693 2
196 3634 247 3694 Sic
261 3634 338 3696 bene
352 3635 465 3697 addidit
477 3640 591 3720 primus
601 3635 765 3697 Schiitzius.
776 3637 898 3718 Pighius
912 3638 951 3698 ad
961 3659 1008 3698 an.
1018 3637 1159 3718 DCVm,

195 3751 225 3800 et
246 3742 332 3802 Varr.
353 3743 477 3803 Aldinae
496 3744 586 3804 etsie
606 3742 727 3827 quidem
743 3758 829 3827 puto,
850 3766 888 3805 ex
909 3755 966 3805 vet
988 3744 1075 3825 cod,
1095 3747 1159 3828 ipso

195 3858 269 3908 teste
290 3848 404 3930 Pighio.
425 3850 520 3932 Puto,
541 3852 698 3931 nimirum,
718 3851 902 3912 Tuditanum
924 3863 1057 3934 patrem,
1078 3851 1159 3911 Hor-

196 3958 279 4015 tensii
299 3978 465 4040 proavum,
485 3961 515 4020 ia
536 3957 641 4021 decem
662 3960 764 4043 legatis
785 3959 887 4041 fuisse,
908 3970 942 4022 ut
962 3970 995 4021 tu
1015 3959 1126 4021 scribis.
