2648 4822
148 389 220 467 368
479 413 654 466 seurota
680 413 810 466 nexuri.
932 411 966 460 a.
981 413 1020 464 v.
1037 415 1069 464 c
1085 412 1133 478 ,ss

146 515 224 590 silio
255 518 311 591 isti
348 518 490 617 negotio
523 518 767 620 praepositum
798 539 895 614 esse,
926 515 1028 616 apud
1053 543 1156 620 quem

146 667 256 716 unum
281 668 361 742 nos,
386 669 509 718 eorum
535 646 698 746 perpetui
725 643 946 742 defensores,
967 641 1157 743 plurimum

145 767 262 843 valere
287 795 469 871 possemus
490 787 529 842 ¹¹.

553 1022 750 1095 DCXLlll.
871 1063 925 1120 <aa
940 1062 994 1109 ui«.
1012 1063 1084 1120 usli,
1100 1065 1129 1116 s)

144 1198 362 1276 Argumentum.
386 1198 524 1257 Curtium
546 1198 757 1268 commendat,
779 1209 928 1278 rogatque
949 1210 984 1258 ut
1004 1201 1071 1258 eius
1094 1199 1153 1258 Vo-

184 1303 363 1364 laterranum
385 1307 602 1385 possessiouem
625 1307 651 1364 ei
675 1307 822 1384 integram
843 1314 949 1364 servet.

278 1510 332 1562 Sor.
352 1509 448 1561 llomne
466 1510 497 1560 Δ.
515 1508 548 1558 V.
566 1508 596 1561 C.
616 1508 769 1576 nccvm,
787 1526 874 1562 mense
891 1509 1015 1562 Octobri.

241 1706 284 1769 Μ.
310 1708 345 1770 Τ.
370 1706 515 1770 CICERO
541 1706 579 1785 Q.
604 1705 778 1771 VALERIO
804 1707 841 1787 Q.
867 1707 899 1772 F.
924 1706 1058 1772 ORCAE

381 1822 472 1888 LEG.
498 1823 721 1887 PROPRAET.
747 1824 777 1887 S.
803 1824 836 1886 P.
860 1824 899 1886 D.

192 2010 275 2085 Non
301 2009 446 2083 moleste
479 2010 571 2108 lero,
603 2036 682 2083 eam
707 2011 1028 2112 necessitudinem,
1062 2039 1152 2115 quae

142 2137 230 2210 mihi
256 2152 371 2210 tecum
398 2151 473 2236 est,
499 2151 622 2209 notam
649 2163 724 2210 esse
751 2136 1065 2238 quamplurimis:
1092 2166 1153 2212 ne·

142 2290 210 2366 que
236 2278 353 2337 tamen
380 2263 427 2338 ob
453 2289 531 2336 eam
558 2289 700 2336 causam
720 2263 836 2364 (quod
862 2278 900 2337 tu
928 2266 1066 2365 optime
1086 2267 1154 2338 exi·

140 2391 282 2465 stimare
308 2400 457 2492 potes¹>
476 2404 511 2463 te
528 2389 705 2491 impedio,
723 2415 795 2491 quo
813 2390 930 2464 minus
948 2406 1154 2492 susceptum

139 2518 320 2615 negotium
337 2533 363 2615 ¹,
389 2542 454 2616 pro
482 2529 540 2588 tua
567 2516 637 2588 fide
664 2530 699 2588 et
725 2515 924 2615 diligentia,
956 2543 1000 2589 ex
1025 2516 1153 2591 volun-

139 2655 212 2715 tate
238 2644 412 2740 Caesaris,
439 2643 498 2742 qui
526 2642 589 2713 tibi
615 2668 689 2715 rem
716 2666 879 2741 magnam
901 2642 1152 2745 difficilemque

139 2770 334 2866 commisit,
361 2793 478 2865 gerere
503 2769 627 2865 possis.
662 2768 753 2843 Nam
783 2796 891 2870 quum
918 2768 1020 2841 multi
1047 2797 1066 2841 a
1095 2797 1151 2842 me

138 2904 265 2992 petant
296 2893 428 2992 multa,
463 2894 559 2993 quod
595 2895 638 2966 de
674 2908 733 2967 tua
768 2922 848 2992 erga
882 2921 939 2966 me
965 2894 1149 2968 voluntate

138 3043 212 3090 non
239 3018 419 3117 dubitent,
445 3045 517 3090 non
544 3023 747 3119 committo,
765 3035 805 3093 ut
831 3021 1051 3093 ambitione³
1070 3048 1147 3094 mea

137 3144 346 3216 conturbem
379 3146 533 3217 olllcium
568 3161 678 3218 tuum.
704 3149 743 3220 C.
770 3149 892 3220 Curtio
927 3147 971 3218 ab
1005 3149 1150 3219 ineunte

137 3285 251 3343 aetate
290 3271 554 3344 familiarissime
589 3300 666 3345 sum
705 3301 796 3346 usus.
830 3275 917 3347 Eius
952 3287 989 3345 et
1015 3273 1147 3346 Sullani

136 3400 305 3498 temporis
332 3400 556 3472 iniustissima
583 3400 813 3473 calamitatel
840 3398 951 3495 dolui,
969 3413 1021 3498 et,
1039 3427 1149 3501 quum

134 3524 193 3622 iis,
210 3527 270 3626 qui
288 3524 435 3598 similem
456 3528 618 3599 iniuriam
640 3539 861 3627 acceperant,
881 3526 1017 3597 amissis
1036 3527 1149 3598 omni·

134 3650 202 3725 bus
228 3651 392 3751 fortunis,
417 3653 550 3726 reditus
577 3655 758 3726 tamenin
784 3653 934 3752 patriam
960 3649 1145 3724 voluntate

137 3778 295 3850 omnium
322 3779 470 3853 concedi
496 3779 689 3878 videretur,
727 3778 866 3852 adiutor
892 3775 1144 3849 incolumitatis

136 3901 385 3981 fui.1shal›et
412 3910 447 3979 in
473 3907 706 3982 Volaterrano
734 3905 1008 4007 possessionem,
1035 3929 1143 4003 quum

32 4227 277 4512 Α
