2648 4822
456 474 494 525 ΙΝ
518 473 707 526 artemone

534 682 627 743 nctt.

83 918 94 957 ι
121 893 296 976 Interfect03
316 914 362 976 ep.
384 893 520 956 anvt.

79 1023 98 1064 2
119 1003 161 1063 Vt
180 1003 293 1062 amicus
312 1000 351 1061 ab
372 1004 468 1089 amieo
487 1010 518 1062 et
539 1003 646 1062 comite
667 997 891 1062 interficeretur.

79 1109 99 1169 3
120 1108 235 1169 Contra
251 1107 391 1170 historiae
403 1110 557 1170 veritatem
578 1119 636 1192 est,
655 1104 740 1190 quod
759 1118 795 1168 tu
815 1101 931 1189 eeribiass
944 1125 994 1168 me
1006 1111 1079 1183 ease,

120 1215 269 1277 Marcelle
293 1214 463 1296 interfecto,
492 1214 642 1297 reliquum
662 1213 864 1295 comanam,
894 1215 945 1296 qui
973 1213 1081 1275 seilicet

120 1342 190 1384 rere
209 1321 371 1383 aonsrssaria
390 1325 434 1383 uit
464 1322 540 1384 Nam
571 1323 641 1382 vivit
667 1319 788 1382 Servius
815 1320 962 1404 Sulpicius
987 1319 1080 1380 homo

120 1450 191 1490 vere
211 1429 380 1489 consularis.
401 1430 451 1490 'l'u
472 1430 661 1512 praesertim,
680 1430 818 1512 inquam,
831 1431 884 1511 qui
901 1449 1001 1490 errare
1021 1449 1081 1488 non

121 1536 196 1599 solea
216 1539 247 1598 in
266 1536 403 1619 hiemria3
423 1539 537 1598 utiam
557 1534 710 1598 Manutius
730 1537 853 1598 monuit

79 1643 312 1726 riQuamquam
332 1643 481 1726 reliquum
506 1663 571 1704 esse
595 1642 781 1705 consularem
807 1653 838 1704 et
857 1662 927 1704 vera
947 1640 1083 1704 eonsule-

120 1773 199 1833 rem,
213 1751 339 1814 Caesare
354 1762 472 1814 tenente
486 1753 595 1830 omnia,
608 1749 680 1811 nihil
700 1749 838 1834 predest,
857 1749 929 1811 mihi
949 1770 1085 1834 praeser-

120 1859 190 1938 tim,
209 1860 260 1941 qui
281 1861 322 1920 sie
342 1861 493 1941 existimo,
522 1880 584 1921 non
603 1861 701 1920 minua
720 1858 918 1920 benenatum
939 1877 1008 1918 cum
1028 1856 1083 1919 illia

121 1985 205 2049 esee,
225 1967 276 2047 qui
296 1969 467 2050 perierunt,
488 1988 577 2049 quam
598 1965 776 2047 nobiseum,
800 1970 852 2047 qui
872 1964 1010 2026 fortunae
1030 1964 1083 2026 be·

121 2070 226 2133 neficio
247 2076 409 2134 conservati
429 2094 539 2134 tumus.

81 2181 101 2241 5
122 2180 178 2241 aa
197 2181 253 2242 no.
273 2179 358 2243 doma·
376 2201 417 2242 an
427 2179 534 2262 fies?

80 2286 157 2350 6111
176 2288 302 2372 qn0‚h.
323 2311 349 2349 e.
371 2291 481 2370 inqua
511 2290 689 2368 cogitatione
718 2285 860 2348 nullitatis
885 2307 991 2368 meae,
1019 2307 1082 2370 quo
1183 2366 1188 2375 „

121 2405 171 2458 m'e
189 2406 352 2475 verterem,
381 2414 441 2454 non
467 2393 633 2479 haberem,
661 2397 716 2456 niti
736 2394 795 2455 hoc
815 2393 887 2455 mihi
907 2396 1033 2456 venisset
1052 2396 1082 2455 in

122 2513 268 2586 mentem,
288 2501 417 2564 scribere
436 2501 546 2564 scilieet
565 2505 621 2564 ista
640 2501 843 2586 philosophica
864 2523 964 2586 opera.

81 2629 101 2691 7
123 2610 335 2671 Communiora
354 2609 503 2692 quaedam
516 2621 548 2672 et
558 2612 652 2691 magis
665 2609 800 2693 politica,
821 2630 913 2692 quam
930 2619 999 2671 sunt
1019 2607 1084 2692 phi·

121 2716 287 2800 losophiae,
307 2738 385 2799 quae
405 2716 511 2778 acribo.
533 2718 720 2780 Faciendum
739 2717 784 2779 ad
802 2717 1014 2797 Dolabellam,
1028 2718 1085 2777 aci·

123 2823 191 2885 lieet
210 2823 396 2886 inscribenda
415 2823 506 2908 haec,
527 2836 557 2889 et
576 2824 730 2887 mittenda.

79 2928 103 2992 8
124 2929 154 2990 Si
175 2930 249 3013 quid
268 2933 452 2992 constitnerit
471 2931 509 2992 de
521 2932 628 2994 Porcia
642 2936 673 2994 in
687 2935 909 2993 matrimonium
931 2931 1085 3011 ducenda3

123 3059 169 3120 ep.
191 3059 254 3120 sup.
276 3058 303 3097 ι.
323 3037 424 3120 Egerit
442 3038 554 3100 hebent
577 3040 760 3121 maninus,
781 3042 905 3118 timon,
926 3040 1086 3116 Tor-naen,

123 3146 245 3206 Decurt.
265 3155 296 3205 et
316 3144 384 3205 edd.
399 3146 473 3206 lene.
491 3155 522 3206 et
535 3145 619 3229 ntdi3
642 3146 771 3228 ideoque
784 3148 934 3225 revocavi,
949 3156 982 3205 ut
995 3148 1085 3204 Lam·

124 3251 212 3312 binus
232 3264 263 3313 et
282 3253 385 3312 Bosius
406 3274 443 3312 ex
464 3274 530 3313 mss.
553 3252 719 3314 ediderunt.

83 3381 105 3442 9
124 3359 252 3440 Eorum,
272 3363 324 3445 qui
344 3359 504 3422 divortium
525 3360 667 3423 Claudiae
688 3360 954 3444 reprehendebant
970 3359 1083 3421 Mamer.

124 3466 181 3550 Ep.
202 3487 266 3550 sup.
287 3477 348 3531 not
370 3489 399 3551 7.

90 3594 124 3634 ιο
146 3575 212 3658 lpse
232 3574 343 3636 Brutus
362 3577 474 3659 optime
495 3588 611 3638 statuet

91 3703 121 3741 ιι
145 3681 202 3765 Ep.
223 3704 287 3766 sup.
309 3685 337 3743 3.

90 3808 124 3847 ιι
146 3791 260 3872 Agam3
289 3791 429 3852 nimirum
454 3790 608 3875 praediola
628 3791 733 3854 saitem
756 3795 942 3852 constituam.
964 3789 1093 3874 Aliquid

127 3895 234 3957 adiecit
252 3897 357 3960 Rosius
377 3920 415 3961 ex
434 3900 544 3963 Detur.
558 3887 635 3964 Ante
656 3899 740 3962 illum
761 3900 816 3960 sed
835 3913 933 3962 tamen
951 3898 1027 3970 itta·
1042 3898 1093 3961 de-

91 4024 95 4028 ·
134 4014 264 4090 pravate.
