2648 4822
475 455 726 506 enomeratis
1030 435 1098 530 l5¹

141 576 235 623 esseut
256 563 333 641 (loc.
356 583 421 644 app.
437 563 463 638 l,
493 581 573 620 nuuc
604 563 714 642 cogitat
739 557 852 619 Cicero.
883 548 953 620 Hoc*
968 569 1049 642 palat
1070 581 1103 624 ex

136 693 185 752 ep.
208 691 266 752 seq.
299 669 390 730 Aliter
419 680 521 729 tamen
549 669 708 728 Manutius.
739 666 920 728 Coniiciebat
947 668 1102 730 Sclriitzius

139 781 197 839 nisi
218 792 278 839 urta
298 799 319 838 a
337 780 500 838 mutatione
520 776 595 837 locos

547 1016 653 1079 DLXl.

104 1234 112 1270 1
138 1211 237 1271 Deleri
258 1232 294 1270 cx
315 1211 430 1291 animo,
451 1207 542 1288 vulgo
560 1227 653 1268 caver
672 1204 706 1266 dr·
725 1219 818 1277 testor
846 1227 923 1289 non,
951 1212 984 1268 ut
1003 1207 1100 1269 Erne-
1219 1221 1221 1223 '

136 1320 208 1378 stius
229 1316 425 1400 explanabat,
451 1318 547 1399 eripi,
571 1312 695 1398 scilicet,
723 1313 905 1375 emanibus.
928 1314 977 1374 Sic
998 1314 1101 1396 legunt
1210 1314 1217 1345 ‘

137 1425 222 1485 cadit
246 1424 332 1485 bmb.
354 1425 476 1505 aliique,
496 1434 527 1483 et
546 1423 615 1484 cdd.
637 1432 724 1506 vett3
738 1444 838 1504 neque
850 1443 964 1501 sensus,
979 1425 1100 1505 opinor,

135 1546 179 1594 est
199 1533 352 1593 obscurus.
373 1534 454 1610 Quia
473 1542 574 1592 tamen
595 1530 686 1612 aliqui
709 1530 776 1592 libri
797 1531 936 1612 legebant
955 1531 1079 1591 studeri
1089 1577 1099 1604 ,

136 1643 204 1701 ideo
224 1641 329 1700 Rosius
349 1638 448 1700 suada
468 1641 551 1718 emi,
577 1641 680 1700 lunius
704 1638 876 1699 dusrmderi
895 1644 1099 1699 correxerunt.

136 1751 281 1809 Neutrum
301 1767 429 1809 neeesse.

82 1879 113 1916 -n
137 1856 252 1916 Scilicet
272 1859 302 1915 iu
323 1855 418 1914 insula
438 1856 602 1938 Arpinate,
623 1876 669 1937 ep.
690 1853 871 1937 Dxxvnl,
892 1873 919 1914 2.

95 1963 464 2045 antonomasiam,
495 1961 579 2044 quod
604 1975 645 2022 ne
671 1964 805 2045 ineptum
834 1960 967 2022 dicamus
987 1960 1098 2021 faciunt

133 2072 190 2131 loci
221 2093 267 2153 ep.
294 2071 500 2150 Lxxxvllt,
527 2090 538 2130 1
563 2080 593 2130 et
613 2071 668 2130 Rei
692 2069 775 2152 publ.
797 2070 845 2151 11,
871 2067 916 2147 15,
937 2071 968 2128 in
988 2067 1098 2150 quibus

134 2191 203 2239 ante
223 2177 440 2261 ire—quidem
460 2180 620 2260 positivum
640 2175 812 2237 membrum
832 2179 916 2258 ponit
934 2175 1048 2236 Cicero.
1098 2161 1106 2178 ’

92 2288 113 2363 4
134 2287 201 2346 Scil.
222 2298 256 2347 ut
276 2285 379 2345 fanum
399 2283 467 2367 fiat,
488 2283 541 2343 ubi
561 2282 628 2362 liat,
648 2283 737 2365 quale
758 2281 818 2342 liat.
839 2270 954 2343 Maura.

92 2394 112 2453 5
133 2396 244 2477 inspice
264 2394 362 2474 legem
382 2394 594 2474 sumtuariam3
616 2410 662 2474 ep.
684 2408 749 2474 sup.
770 2399 831 2450 not
854 2390 881 2448 3.

90 2500 209 2561 ovini.
229 2502 309 2561 Man.
331 2499 436 2559 Lamb.
457 2498 547 2571 dixi5
568 2497 604 2557 cl
625 2518 671 2580 ep.
692 2496 851 2578 DXLVll,
871 2515 899 2556 a.

92 2631 110 2690 7
131 2611 187 2692 Ep.
207 2609 384 2690 DXXXlll,
410 2629 433 2668 ι.

88 2715 109 2778 8
130 2717 340 2777 Suburbanam
361 2719 475 2798 venies,
497 2714 564 2776 vide
585 2737 632 2798 ep.
653 2737 714 2798 seq.
735 2716 753 2774 3
776 2725 847 2774 extr.
872 2711 942 2774 Hoc*
957 2711 1095 2773 tdfimum

130 2824 299 2886 membrum
320 2823 482 2886 Lambinus
502 2821 643 2906 epistolae
664 2843 724 2905 seq.
746 2820 863 2884 adiecit·

530 3064 651 3127 ann.

96 3273 104 3308 ι
130 3252 206 3311 Eat.
228 3275 271 3335 pr.
294 3276 362 3313 cum
385 3255 460 3314 Vict„
482 3252 588 3314 Lamb.
610 3271 632 3313 a
652 3254 816 3314 tabellario.

92 3377 108 3414 α
130 3357 212 3419 llaec
233 3360 325 3421 verba
345 3361 419 3423 Hm
437 3360 797 3423 literae-tertiodecimo
817 3361 866 3422 die
887 3361 1038 3421 Manutius
1060 3380 1094 3420 ex

131 3464 186 3523 alia
208 3468 330 3548 epistola
350 3469 409 3530 buc
430 3469 570 3529 translata
584 3488 647 3530 esse
662 3458 809 3531 censebat.
823 3467 999 3529 Incredibile
1013 3470 1092 3528 enim

132 3571 301 3659 videbatur,
322 3597 416 3658 quum
438 3577 543 3637 Cicero
564 3588 641 3638 esset
660 3581 690 3637 in
711 3579 835 3660 Antiati,
858 3579 974 3636 Atticus
992 3587 1092 3637 alitem

130 3680 258 3763 Romae,
279 3684 325 3744 vel
346 3687 375 3743 iu
397 3684 584 3767 suburbano,
605 3707 689 3768 eum,
710 3688 762 3767 qui
782 3688 870 3748 attici
890 3685 988 3745 literas
1009 3683 1094 3745 tulis·

129 3796 189 3865 set,
209 3788 348 3850 tredecim
371 3794 434 3853 dier
452 3793 569 3854 tantulo
589 3797 620 3853 in
640 3796 744 3854 itinere
765 3796 967 3853 consumsisse.
983 3792 1093 3852 schuu

130 3915 166 3953 aa
187 3902 365 3978 transposuit
385 3912 451 3981 post
471 3901 563 3962 verba
583 3901 629 3962 ad
658 3923 704 3962 me
723 3922 841 3986 quoquc
862 3900 949 3960 arisit.
970 3901 1093 3962 Poterat

130 4013 243 4080 tamen,
264 4008 314 4085 qui
335 4007 432 4068 literas
453 4008 583 4091 ferebat,
605 4009 713 4078 morbo
733 4008 779 4071 vel
801 4009 859 4070 alio
880 4008 1091 4091 impedimento

128 4109 258 4170 «intincti.
551 4119 559 4136 ⁶
