2648 4822
153 424 225 513 (524
608 448 701 496 nors

150 546 278 601 6Pansa
296 562 343 600 ere
360 544 446 600 ollorn
468 556 648 621 govematore
673 544 745 602 delle
766 545 871 612 Gellio3
897 566 945 602 ma
972 568 1036 606 non
1063 558 1166 610 novasi

188 647 348 712 congetturc
365 654 418 712 per
435 636 578 693 effennere
597 636 626 692 di
646 636 806 713 certoque!
830 638 903 694 fosse
923 638 946 694 il
967 660 1087 699 romore
1113 646 1166 703 che

188 748 236 785 ere
253 748 333 786 corso
352 728 462 785 intorno
481 746 498 783 e
517 728 569 785 cio.

153 820 224 897 7V'
234 841 319 878 erano
343 820 374 877 in
397 819 483 878 ahora
506 820 557 897 pih
584 820 687 877 Metelli
693 845 702 888 3
726 842 772 878 ma
795 822 916 879 siccome
941 844 1003 881 non
1031 828 1057 882 si
1085 850 1115 884 sa
1135 830 1163 884 di

189 912 254 988 qual
279 912 363 968 affere
388 911 526 969 Cicerone
549 912 616 968 vuol
639 912 762 988 perlate,
785 933 842 969 non
865 916 974 991 opero
1000 916 1033 973 di
1059 922 1163 996 grande

189 1004 359 1080 importanza
379 1002 568 1060 l'indovinnre
587 1003 616 1059 di
636 1004 702 1080 quoi
719 1005 832 1062 Metello
850 1006 899 1081 qui
917 1007 943 1062 si
963 1010 1050 1066 tratti.

152 1096 169 1150 8
190 1097 317 1153 Critonio
340 1097 371 1151 fu
395 1094 468 1150 edile
491 1093 590 1151 l'enno
615 1110 761 1171 seguente;
778 1117 795 1154 e
814 1096 934 1155 Balbino
959 1100 1016 1157 che
1042 1103 1074 1158 fu
1095 1124 1161 1181 pro-

188 1187 282 1243 scritto
302 1187 347 1242 dai
372 1185 523 1253 triumviri,
548 1186 692 1244 essendosi
710 1188 815 1246 salvato
834 1188 992 1260 inSicilia,
1016 1193 1159 1252 ritornon

187 1278 291 1347 Roma,
311 1277 432 1335 allorche
451 1277 532 1334 Sesto
554 1277 679 1355 Pompeo
704 1279 776 1336 ebbe
801 1281 866 1336 fatto
884 1279 912 1337 le
929 1301 1001 1358 pace
1027 1305 1083 1342 eon
1101 1290 1159 1343 An·

146 1420 149 1427 .
186 1372 264 1428 tonio
277 1370 314 1428 ed
323 1372 463 1447 Augusto,
480 1389 497 1426 e
515 1370 546 1426 su
564 1370 659 1446 porcia
678 1372 791 1429 console
809 1373 947 1449 (Appian.
959 1375 1031 1432 Bell.
1044 1377 1106 1437 civ.
1119 1381 1159 1435 ΠΙ

187 1482 204 1518 e
223 1463 288 1535 IV).

150 1574 169 1629 9
188 1560 314 1626 Δογιισιν
332 1547 498 1625 'Ephrem
521 1553 612 1628 suppl.
636 1552 872 1628 tpmpeoeofiil
897 1555 951 1613 che
974 1559 1101 1617 sonnsrn
1120 1583 1158 1618 un

187 1645 294 1721 doppio
312 1663 403 1701 senso.
422 1643 446 1699 11
463 1645 578 1721 proprio
597 1643 722 1720 significo
741 1641 793 1700 che
812 1645 939 1704 rendere
959 1649 969 1704 i
988 1650 1110 1709 disoorsi
1129 1654 1157 1710 di

76 1817 78 1820 Α
187 1738 316 1803 Platone,
336 1756 351 1793 e
369 1736 391 1791 il
409 1735 527 1810 figurato
550 1739 632 1793 veria
655 1741 799 1812 inrponot,
822 1738 876 1814 egli
900 1740 1034 1817 ingenue.
1059 1745 1158 1803 Enno-

188 1828 257 1884 doro
275 1848 323 1884 era
340 1839 574 1902 contemporaneo
587 1847 603 1884 e
616 1826 759 1904 discepolo
778 1827 808 1883 di
827 1829 952 1888 Platone.
970 1832 1036 1891 Non
1053 1837 1156 1894 sicon-

187 1922 263 1976 tcnto
283 1919 311 1975 di
329 1918 496 1997 pubblicare
514 1919 541 1976 le
560 1939 610 1979 sue
633 1941 733 1997 opere,
757 1920 826 1977 mise
844 1922 934 1980 anche
954 1926 986 1981 in
1003 1927 1113 1986 iscritto
1132 1930 1157 1985 le

188 2013 314 2089 opinioni
333 2012 380 2070 del
399 2032 450 2069 suo
469 2025 589 2073 maestro
607 2013 718 2070 intorno
738 2013 791 2069 elle
809 2013 893 2070 fisice,

155 2126 188 2162 ιο
206 2106 236 2161 Si
256 2108 272 2162 ὲ
290 2106 336 2181 gih
354 2105 430 2161 detto
448 2124 528 2161 come
547 2104 743 2182 pretendevesi
759 2104 812 2162 che
824 2120 923 2182 queste
935 2112 1046 2167 smenin
1060 2111 1089 2168 di
1102 2114 1155 2168 Ce-

186 2197 265 2255 rellia
281 2217 334 2275 per
350 2196 378 2255 le
397 2215 483 2273 opere
502 2196 656 2259 filosofiohe
675 2196 705 2252 di
724 2197 861 2255 Cicerone
874 2201 1041 2274 provenisse
1055 2202 1156 2258 dnll's-

186 2309 266 2349 more
284 2289 388 2347 ch’clln
405 2289 515 2348 nutrire
533 2310 585 2365 per
603 2288 621 2345 l'
628 2301 722 2347 autore
741 2289 793 2362 (V.
811 2289 868 2346 lect.
888 2291 1064 2368 oLxxxri

154 2401 183 2438 ιι
206 2380 324 2439 Semhro
343 2380 395 2437 che
413 2381 463 2457 qui
482 2382 506 2437 si
524 2381 599 2437 tratti
618 2380 665 2439 del
683 2381 859 2439 matrimonio
884 2382 958 2438 dello
976 2385 1054 2460 figiia
1073 2386 1154 2442 d'At-

187 2472 256 2540 fico,
274 2493 332 2529 non
350 2470 500 2531 altrimenti
512 2471 566 2529 che
577 2471 652 2529 nella
664 2470 761 2528 lettere
771 2471 961 2542 DLXXXIX3
979 2477 1154 2533 nondimeno

186 2565 240 2621 ella
259 2583 305 2620 era
323 2583 375 2640 per
393 2583 463 2620 oneo
483 2563 553 2622 assei
573 2563 698 2639 giovene.
718 2565 772 2620 Era
791 2575 854 2620 nata
873 2564 1059 2642 cllorquando
1074 2570 1153 2624 Cice-

186 2676 255 2712 rone
274 2675 430 2733 govemava
448 2654 475 2710 la
495 2655 608 2722 Cilicia3
626 2654 730 2731 porche
749 2655 884 2712 Cicerone
902 2656 964 2713 dice
984 2658 1013 2713 in
1035 2679 1091 2713 uns
1102 2659 1152 2714 let-

186 2759 243 2804 tera
264 2747 356 2804 scritta
374 2747 404 2803 in
423 2746 489 2822 quel
508 2760 600 2815 torno,
619 2747 696 2803 ch'ei
720 2767 777 2804 uon
795 2747 904 2804 l'eveve
924 2749 980 2804 mai
999 2749 1151 2816 veduta5e

186 2839 216 2897 in
236 2839 320 2897 allora
338 2859 395 2897 non
414 2852 530 2894 contat-o
555 2837 607 2894 cho
627 2839 664 2913 gli
684 2852 740 2894 otto
760 2840 805 2895 oi
825 2859 897 2895 nove
922 2841 997 2895 nimi.
1018 2842 1150 2898 Vedmssi

186 2930 259 2986 uella
272 2930 368 2989 lettera
379 2929 553 2986 DLXXth
567 2930 687 2986 un'altra
699 2932 811 3004 ragione
832 2930 867 2984 da
886 2930 1016 2987 dubitare
1037 2933 1091 2989 che
1105 2934 1150 3010 qui

187 3023 209 3077 si
229 3024 301 3079 tratti
321 3022 350 3078 di
369 3035 467 3098 questo
487 3023 671 3078 matrimonio.
689 3023 781 3079 Attica
799 3023 829 3077 fu
848 3023 974 3078 maritate
993 3024 1073 3080 molti
1087 3027 1149 3081 anni

187 3115 261 3190 dopo
281 3135 333 3170 con
352 3115 484 3191 Agrippa.
504 3116 611 3184 Questo
629 3132 712 3190 passo
731 3113 868 3190 potrebbe
888 3133 980 3170 essere
994 3115 1114 3173 allusivo
1126 3115 1149 3171 el

185 3207 361 3263 nietrimonio
381 3207 409 3261 di
429 3205 547 3281 qualche
566 3219 680 3281 parente
699 3205 837 3282 prossinro
854 3204 987 3271 d’Attico,
1000 3227 1017 3261 o
1030 3207 1060 3262 di
1073 3207 1149 3283 quol-

185 3300 238 3357 che
256 3299 324 3356 eltra
341 3319 461 3376 persona
481 3299 533 3354 che
552 3297 766 3374 singolarmente
785 3296 823 3372 gli
842 3298 914 3353 [osse
933 3317 1006 3354 care.

152 3412 182 3449 12
202 3395 344 3449 Hominem
363 3392 411 3466 qui
431 3391 554 3466 significa
575 3391 620 3445 chi
640 3392 693 3456 sia,
713 3390 742 3444 di
762 3389 827 3464 qual
847 3410 924 3458 cosa,
942 3391 1050 3466 perche
1071 3393 1148 3448 Cice·

183 3504 284 3542 oerone
303 3484 365 3540 dice
384 3483 456 3541 nella
479 3481 553 3539 linea
576 3495 708 3557 seguente
727 3481 804 3538 ch'ci
824 3502 879 3536 non
899 3502 1058 3539 conoscovn
1077 3482 1149 3539 colui

183 3576 256 3631 ondo
275 3575 297 3631 si
317 3587 444 3639 trattave,
463 3578 549 3648 ipsum
569 3594 623 3627 non
641 3579 720 3636 novi,
740 3572 800 3629 vele
820 3594 836 3627 n
855 3573 915 3629 dire
935 3573 1013 3630 ch'ei
1032 3595 1091 3630 non
1103 3594 1147 3629 co-

181 3688 301 3724 noscere
320 3671 355 3723 ne
375 3667 401 3722 la
420 3686 469 3722 sue
489 3665 591 3739 ligura,
609 3668 645 3720 no
665 3666 685 3721 it
704 3686 755 3722 suo
769 3678 915 3732 carattere,
928 3669 965 3725 ne
977 3666 1004 3724 lc
1018 3687 1069 3724 sue
1082 3687 1147 3742 qua·

181 3759 228 3816 litis
247 3758 394 3836 personali.

151 3849 356 3927 15hlongault,
376 3851 459 3906 Bosio
479 3869 493 3904 c
514 3848 642 3925 Μιιιιιιὶο
662 3849 849 3926 intorpretano
873 3849 940 3925 quel
955 3856 1084 3924 pros-one
1101 3871 1146 3907 ac-

182 3929 252 4000 cedit
269 3963 320 4022 per
338 3942 481 4001 vicinanza
501 3941 530 3996 di
549 3939 711 3997 ahitezione.
