2648 4822
237 385 314 482 416
600 406 870 462 tiroeinium

234 530 279 576 ‘ro
297 511 384 574 Multi
404 509 471 572 libri
490 511 519 571 si
536 512 623 596 quib,-
643 533 705 574 non
722 512 828 596 placet

114 604 118 612 ¹
233 636 274 682 ἰι
296 618 443 702 Movebo,
462 619 585 702 parabo.

232 736 277 787 'm
296 725 361 786 lom
381 725 452 787 olim
471 727 606 810 fuerint,
625 731 678 810 qui
689 726 739 789 hie
750 726 841 788 linem
855 725 996 809 epistolae
1014 726 1119 790 leoere.
1141 727 1240 788 lmmo

232 852 236 857 ·
276 830 439 893 Lambinus
459 833 573 926 addidit
592 835 664 895 vale.
684 834 725 895 Et
744 854 814 895 sone
834 834 985 895 Manutius
1000 833 1056 893 illie
1068 833 1166 895 verbis
1180 854 1238 895 au·

276 952 324 1002 ua
343 940 489 1002 misissem
509 961 616 1003 novam
637 941 790 1024 epistolam
810 940 977 1022 exorditur,
998 960 1126 1023 eamque
1143 944 1237 1024 priori

250 1062 254 1077 ⁴
276 1045 344 1108 looo
364 1049 501 1130 scriptam
520 1057 614 1130 putat.
635 1049 725 1131 Nam,
744 1051 854 1130 inquit,
879 1047 928 1108 illa
948 1047 1039 1108 verba
1064 1063 1153 1109 amca
1178 1049 1238 1108 mi-

233 1172 236 1179 ·
276 1154 381 1216 utrem
400 1165 455 1216 etc.
474 1159 630 1238 perspicue
650 1155 867 1236 demonstrant,
885 1154 981 1215 nullas
1007 1166 1093 1216 antea
1113 1155 1237 1216 Cicero·

236 1248 345 1324 ''n'em
365 1263 463 1323 literas
486 1262 525 1323 ad
548 1262 732 1324 Trebianum
755 1265 873 1323 misisse.
893 1261 1065 1323 Adsentiunt
1089 1263 1237 1324 Graevius

274 1369 562 1450 erilem-lingone.
583 1369 658 1431 Mihi
676 1381 776 1430 temen
788 1369 906 1430 nullum
922 1368 1061 1453 dubium,
1080 1370 1155 1452 quin
1173 1389 1236 1430 uno

233 1494 239 1501 ·
274 1484 390 1538 unum
410 1479 447 1537 eit
466 1475 604 1559 epistola,
624 1487 654 1538 et
673 1490 761 1539 melea
781 1479 940 1556 misissem,
960 1488 1101 1559 tanquam
1115 1479 1237 1538 mantis·

252 1582 255 1587 ’
274 1600 337 1645 tam
356 1581 497 1666 epistolae
517 1586 638 1667 aecipio.

238 1688 275 1751 13
295 1688 396 1770 Vulgo
426 1691 589 1751 invenirem.
617 1692 786 1772 Vtrumque
815 1690 908 1777 habet
929 1692 1015 1752 Amb.
1042 1701 1109 1752 tert.
1138 1702 1169 1752 et
1195 1691 1235 1750 ab

273 1794 379 1856 eadem
409 1816 508 1856 manu.
533 1798 712 1859 Inwnusem
737 1798 856 1859 volebat
880 1799 1052 1880 Ernestius,
1082 1810 1112 1859 et
1140 1797 1235 1859 edidit

274 1901 437 1963 Sohr‘itzius.

237 2008 275 2086 ti
294 2008 343 2069 Sic
363 2009 425 2069 duo
445 2009 553 2070 Ambb.
574 2032 630 2072 seo.
652 2023 682 2072 et
703 2023 791 2096 sept,
810 2024 846 2074 ut
865 2016 924 2072 iarn
937 2013 1088 2074 Mnnun'us
1101 2014 1234 2095 corrige-

272 2113 339 2195 bat,
363 2128 393 2177 et
419 2116 487 2178 edd.
514 2139 559 2200 pr.
583 2139 702 2200 ornnes,
727 2131 801 2181 teste
826 2120 971 2180 Ernestio.
992 2122 1032 2180 At
1056 2119 1091 2178 13
1117 2118 1235 2180 dimit·

272 2223 392 2284 morem.
411 2224 491 2285 Male
511 2236 577 2308 post
597 2227 764 2288 Victorium
783 2227 873 2309 aliqui
889 2226 1011 2288 edidere
1024 2226 1173 2298 diuum,
1186 2228 1235 2300 jn·

231 2354 237 2368 ·
271 2331 338 2414 quit
356 2329 520 2394 Emeetiuu·
542 2368 545 2372 ·

237 2435 274 2499 ri
293 2436 411 2500 Caesar.

231 2542 273 2607 '16
292 2544 359 2605 Hoc
379 2558 435 2626 est,
456 2546 495 2606 ad
516 2546 664 2629 agendum
677 2548 722 2629 id,
743 2547 826 2628 quod
839 2546 1011 2607 naturaliter
1025 2545 1175 2628 agendum
1189 2559 1235 2609 est

272 2649 311 2713 ab
332 2651 514 2713 hominibus:
536 2654 619 2735 quod
641 2655 820 2736 explicetur,
840 2656 959 2737 opinor,
979 2654 1080 2736 paullo
1098 2654 1174 2714 inlra
1187 2654 1235 2715 his

226 2778 230 2783 ·
270 2758 380 2818 verbis:
401 2760 521 2840 aliquid
526 2761 573 2841 fit
591 2795 632 2805 ——
652 2761 817 2835 liberalius,
838 2782 929 2845 oriam
950 2763 1134 2824 timebamus.

235 2882 270 2943 η
291 2863 405 2941 Status,
425 2866 553 2925 conditio
573 2878 682 2927 nostra.

234 2966 272 3029 18
290 2970 449 3052 Nimirum,
466 2973 610 3053 polliceri.
630 2973 697 3034 Vid.
720 2994 783 3057 sup.
804 2978 867 3036 init.
888 2975 906 3058 ἃ
927 2996 955 3036 2.

234 3094 271 3158 ¹9
291 3075 365 3136 Cod.
385 3078 455 3138 Rec.
475 3079 620 3160 equidem.

230 3198 271 3242 no
291 3183 431 3261 Quetuor
451 3185 574 3246 Ambbr.
595 3198 625 3248 et
645 3188 716 3249 Reo.
738 3189 769 3249 in
789 3203 815 3250 le
835 3207 902 3250 ιιηο.

646 3428 813 3489 Dxxvlu.

231 3628 243 3667 r
266 3602 384 3669 Tulliae
404 3609 575 3693 reddenda,
596 3634 642 3696 ep.
663 3616 781 3693 DXXI,
802 3615 830 3676 5.

225 3734 245 3774 n
265 3715 319 3776 Est
344 3718 471 3800 expedi,
496 3720 623 3801 explico,
643 3742 751 3804 nempe
772 3734 806 3783 ut
826 3721 965 3782 solvatur.
986 3721 1014 3779 1.
1035 3723 1072 3780 F.
1096 3721 1226 3780 Gromv.

224 3822 245 3882 3
264 3825 357 3904 Regia
375 3824 504 3887 conditio
524 3841 589 3901 ert,⁴
601 3828 693 3910 idest,
713 3829 842 3912 superba
861 3840 892 3889 et
912 3830 1026 3909 iniqua,
1047 3848 1136 3909 quam
1159 3829 1228 3889 Bal·

263 3929 321 3993 bus
340 3945 516 4016 procurator
535 3934 709 3998 Dolabellae
733 3937 860 3997 absentis
887 3936 1005 3996 nomine
1024 3933 1083 3995 fert
1103 3932 1224 4014 delega-
