2648 4822
450 461 487 509 trs
512 457 704 510 nsrsronu
1006 436 1073 513 551

112 561 226 643 pigliar
242 559 301 620 due
312 560 443 622 colombi
455 560 500 622 ad
512 583 573 623 uno
584 561 672 642 fisca.
694 558 779 620 cont.
794 558 969 646 Erasmum,
982 561 1078 643 Adag.

110 665 186 727 cbit
208 666 237 747 l,
259 664 343 725 Cent.
358 663 431 740 Vll,
453 667 541 726 Pron.
564 666 592 726 3.
612 664 734 727 Fidelia
755 675 819 725 erat
839 663 935 727 fictilis
954 690 1079 749 urceus,

111 774 143 834 in
162 793 223 854 quo
244 770 327 832 color
347 770 517 833 habebatur
537 771 685 852 tingendis
705 771 876 854 parietibus.

495 1008 659 1108 nexam

74 1218 86 1258 r
110 1197 211 1278 Vulgo
231 1197 307 1259 hoec
327 1196 451 1280 epistola
470 1200 623 1259 constituit
642 1209 758 1280 partem
779 1199 924 1280 epistolae
946 1199 1080 1263 DCLVl.
1204 1269 1205 1273 ,

112 1305 188 1389 Sed,
209 1317 243 1366 ut
263 1309 304 1366 ait
323 1305 493 1388 Ernestius,
520 1326 582 1366 non
602 1309 748 1369 consentit
775 1327 846 1368 cum
871 1307 937 1386 illa,
963 1311 994 1368 in
1021 1329 1082 1391 qua

113 1413 197 1490 dicit,
223 1413 450 1495 supplicationes
471 1410 525 1472 sibi
546 1432 608 1473 non
629 1411 765 1491 decemi,
790 1424 820 1474 et
844 1415 876 1473 in
901 1412 984 1474 libris
1010 1417 1082 1474 scri-

111 1524 169 1602 ptis
196 1519 375 1601 quibusdam
397 1519 445 1579 hic
466 1531 510 1580 est
536 1540 631 1581 novae
656 1520 798 1601 epistolae
826 1523 952 1581 initium.
978 1521 1083 1601 ltaque

112 1639 143 1687 et
165 1648 219 1687 nos
246 1627 377 1687 fecimus.
405 1625 439 1685 P.
460 1627 613 1689 Manutius
633 1637 739 1709 putat,
767 1626 891 1708 epistola
915 1637 1084 1688 memorata

110 1734 234 1796 DCLVl
247 1737 370 1816 scripte,
392 1734 444 1794 sed
457 1734 592 1793 nondum
607 1733 741 1818 dimissa,
754 1739 869 1796 venius
885 1738 1028 1796 nuncium
1043 1734 1083 1796 de

111 1841 373 1925 supplicationibus
394 1840 529 1902 decretis.
554 1841 617 1904 Sed
636 1845 772 1925 ineptum
797 1854 842 1903 est
868 1853 930 1903 tem
957 1841 1083 1924 longum

110 1950 298 2010 intervallum
312 1948 459 2010 scribendi
473 1959 620 2033 statuere,
639 1972 676 2011 ac
696 1950 888 2012 statuendum
902 1952 938 2011 sit
951 1969 990 2011 ex
1011 1969 1083 2010 con·

112 2057 312 2140 sequentibus.
334 2057 388 2119 llla
400 2057 494 2119 sltem
507 2057 631 2140 epistola
645 2067 777 2140 ἀκέφαλος
794 2057 864 2137 fixit,
879 2068 910 2118 et
922 2067 1083 2140 propterea

112 2166 196 2227 alteri
217 2187 332 2228 annexa
353 2164 393 2226 ab
414 2168 557 2246 imperitis
577 2164 712 2227 librariis

72 2294 90 2334 2
116 2273 158 2332 Vi
177 2273 261 2333 abest
282 2272 321 2331 ab
339 2270 427 2331 Amb.
448 2269 486 2353 63
507 2270 591 2352 quod
610 2269 749 2352 placebat
770 2270 891 2346 Cottio,
910 2273 964 2352 qui
984 2271 1084 2332 aiebat

113 2380 240 2440 alterum
261 2399 300 2439 ex
318 2378 365 2440 bis
384 2377 432 2438 vel
452 2379 498 2452 vi,
518 2377 566 2439 vel
589 2376 753 2461 pugnaudo
773 2379 850 2438 satis
874 2377 973 2437 firisse.
1000 2377 1083 2439 Tum

113 2485 181 2547 edd.
202 2507 248 2568 pr.
268 2485 296 2545 vi
315 2483 528 2568 expugnando.
1160 2499 1161 2502 ’

72 2595 90 2655 3
111 2596 222 2654 Deesse
240 2592 290 2655 hic
315 2595 437 2655 nomina
463 2591 661 2675 oppidorum,
687 2612 765 2673 quse
785 2591 923 2654 Vatinius
949 2593 1083 2674 ceperit,

112 2701 185 2762 vidit
205 2704 264 2760 iem
284 2700 563 2780 Martyni-Laguna
586 2698 648 2759 Sed
669 2719 729 2779 qua
750 2719 788 2759 ex
808 2699 855 2758 ed
881 2709 935 2759 aut
960 2719 1023 2781 qno
1047 2715 1082 2760 ex

111 2807 189 2868 libro
205 2819 283 2869 msto
297 2809 435 2868 sumserit
452 2806 621 2893 Vicinium,
642 2826 699 2888 pro
720 2805 842 2887 vulgato
863 2827 971 2880 mum,
989 2826 1083 2889 repo-

113 2920 278 2997 sueritque‚
297 2917 406 2976 nescio.
427 2913 577 2975 Vlcinium
599 2925 644 2976 est
664 2912 788 2996 quidem
807 2912 974 2974 Dalmatiae
995 2915 1082 2996 oppi-

115 3023 203 3102 dum,
224 3023 307 3104 quod
327 3034 358 3083 et
381 3022 567 3101 Olchinium,
588 3033 618 3082 et
642 3020 827 3082 Colchinium
847 3020 996 3102 aliquibus
1010 3020 1083 3081 dici-

114 3142 179 3214 tur,
199 3130 290 3210 vulgo
310 3130 468 3210 Dolorem.
490 3129 662 3209 Schiitzius,
681 3132 734 3209 qui
754 3128 827 3189 illud
842 3131 954 3211 recepit
967 3131 998 3188 in
1010 3148 1085 3190 oon·

115 3250 216 3316 textu,
236 3258 346 3297 nomen
369 3233 485 3296 Vicinii
504 3239 535 3296 in
554 3236 651 3297 indice
670 3235 872 3319 geographico
893 3239 998 3296 omisit

75 3344 96 3421 4
116 3343 202 3404 Amb.
224 3347 329 3405 tertius
348 3356 480 3425 quatuor
496 3363 597 3404 muros
617 3344 720 3417 tabu,
738 3364 818 3425 quos
838 3343 913 3424 cepi.
939 3342 1014 3401 Mox
1032 3361 1085 3401 eo·

116 3474 196 3529 nun,
218 3451 308 3530 idest,
329 3471 502 3511 murorum:
525 3453 590 3533 cepi
610 3472 711 3511 arcem
731 3453 842 3532 ipsam,
862 3468 939 3529 quae
953 3458 1085 3529 quattror

116 3579 274 3618 murorum
297 3558 413 3617 ambitu
433 3558 646 3621 circumdatur.

75 3664 192 3725 5Edd.
214 3687 258 3747 pr.
280 3665 424 3725 nentinem
444 3687 508 3736 nre‚·
537 3668 644 3746 inepte.
666 3664 832 3744 vulgatum
853 3659 994 3743 explano:
1021 3663 1085 3719 exi-

117 3775 254 3852 stimans,
274 3784 304 3833 te
324 3772 437 3835 hebere
454 3775 603 3834 neminem
616 3774 814 3834 amantiorem
834 3771 894 3850 tui,
915 3787 1006 3848 quem
1026 3787 1083 3828 me.
