2648 4822
260 410 327 505 nal
605 430 775 484 misnam
803 428 897 485 num.
1023 433 1055 483 u.
1072 432 1107 485 v.
1124 432 1153 483 e.
1173 425 1220 496 με

681 659 809 735 DLIV.
953 700 1006 762 (aa
1023 704 1074 749 nn.
1092 701 1160 762 xm,
1179 703 1220 757 ts)

249 843 467 921 Argumentum.
487 836 667 899 Praecillum
687 840 922 912 adolescentem,
942 851 1028 922 patre
1047 852 1153 901 natum
1169 841 1243 900 Cae·

287 949 362 1007 eneis
380 949 574 1019 amicissimo,
594 947 795 1007 commendat.

393 1188 447 1241 Ser.
466 1189 574 1249 Aatwe
591 1188 622 1239 Δ.
640 1183 673 1239 V.
690 1182 719 1240 C.
738 1181 886 1253 DCCVlll,
903 1202 990 1240 meme
1006 1184 1098 1259 Aprili.

342 1422 386 1486 Μ.
410 1422 446 1486 Τ.
470 1419 614 1485 CICERO
639 1419 672 1482 C.
697 1418 862 1482 elusum
885 1418 968 1482 ΙΜΡ.
993 1419 1023 1484 S.
1047 1420 1081 1483 P.
1104 1420 1142 1483 Il.

294 1659 501 1735 Praecilium
527 1657 590 1733 tibi
616 1657 824 1733 commendo
850 1657 952 1732 unice
965 1676 988 1757 ¹,
1007 1661 1060 1732 tui
1084 1684 1240 1734 necessa-

244 1786 309 1885 rii,
333 1789 403 1859 mei
427 1785 702 1884 familiarissimi,
734 1788 799 1859 viri
829 1786 954 1885 optimi
978 1785 1112 1885 filium,
1136 1812 1240 1887 quem

245 1938 352 2014 quum
385 1911 640 1985 adolescentem
672 1914 786 2013 ipsum
825 1926 971 2012 propter
1008 1913 1081 1985 eius
1119 1913 1240 1985 mode-

244 2038 368 2137 stiam,
405 2038 679 2136 humanitatem,
717 2040 872 2111 animum
905 2052 941 2110 et
972 2062 1127 2112 amorem
1159 2063 1239 2135 erga

242 2186 301 2237 me
325 2164 552 2264 singularem,
575 2166 720 2237 mirifice
746 2163 871 2263 diligo,
896 2178 969 2237 tum
995 2179 1131 2265 patrem
1157 2165 1240 2262 eius,

242 2316 281 2364 re
307 2287 469 2392 doctus2,
485 2291 653 2390 intellexi,
669 2305 706 2364 et
729 2290 838 2364 didici
863 2290 947 2363 mihi
972 2291 1076 2365 luisse
1100 2316 1239 2391 semper

243 2418 498 2493 amicissimum.
523 2416 579 2492 En
605 2418 662 2491 hie
688 2415 744 2489 ille
770 2431 823 2491 est
848 2414 913 2502 [de
937 2416 1053 2504 illis³]
1078 2420 1237 2516 maxime,

242 2548 302 2647 qui
327 2546 469 2620 inidere
494 2560 598 2646 atque
623 2545 805 2642 obiurgare
830 2570 887 2616 me
911 2543 1033 2617 solitus
1053 2558 1123 2643 est,
1140 2541 1236 2646 qnod

240 2697 298 2747 me
322 2697 396 2745 non
420 2686 553 2769 tecum,
584 2672 789 2769 praesertim
815 2698 921 2771 quum
948 2670 1010 2744 abs
1036 2683 1071 2743 te
1096 2669 1237 2745 honori·

239 2797 462 2870 ficentissime
486 2797 668 2895 invitarer,
693 2797 940 2894 coniungerem
956 2795 983 2869 l.

290 2972 370 3041 ’All'
395 2972 466 3063 ἐμόν
491 2977 527 3041 οὕ
551 2998 621 3042 ποτε
645 2974 746 3065 θυμὸν
771 2975 812 3041 ἑνὶ
836 2979 1006 3048 στήθεσσιν
1031 2976 1165 3065 ἔπειθεν,

288 3100 340 3175 Ὡς
366 3102 470 3180 astella
496 3097 622 3192 ἐκάλυψε
649 3103 774 3193 uelatus
790 3101 816 3170 ⁵.

236 3294 432 3371 Audiebam‘
458 3300 551 3379 enim
575 3314 716 3375 nostros
741 3298 938 3400 proceres⁶
963 3295 1197 3372 clamitantes:

285 3477 426 3567 Ἄλκιμος
453 3476 531 3570 ἔπ’,
559 3487 606 3545 ἵνα
629 3483 673 3556 τίς
699 3507 734 3548 σε
758 3480 808 3545 καὶ
834 3481 976 3570 ὀψιγόνων
1002 3474 1035 3545 εὖ
1061 3478 1141 3564 εἴπῃ.

236 3670 308 3745 Sed
338 3687 454 3747 tamen
486 3673 624 3749 iidem⁷
650 3704 706 3751 me
739 3679 978 3780 consolantur,
1011 3691 1047 3750 et
1070 3676 1142 3750 iam
1165 3674 1233 3750 ho·

235 3799 364 3872 minem
390 3816 568 3901 perustum
594 3805 785 3880 etiamnum
810 3805 946 3905 gluria⁸
966 3802 1092 3881 volunt
1115 3805 1233 3878 incen-

235 3921 334 4024 dere,
358 3939 462 4028 atque
487 3929 536 4003 ita
561 3929 768 4032 loquuntur:
