2640 4824
323 314 347 355 K

126 395 199 498 376
460 417 633 468 urrerem
659 414 782 467 ccxcv.
908 413 940 463 s.
958 415 993 465 v.
1011 415 1042 465 c
1062 413 1110 479 με

122 523 188 596 etsi
214 521 433 594 commune⁵
459 520 600 592 videtur
629 546 704 592 esse
738 543 819 590 cum
849 514 989 618 multis5
1015 531 1134 591 tamen

121 647 210 721 mihi
235 646 357 744 erede,
381 645 572 743 singulares
596 645 677 718 huie
697 643 890 743 municipio
910 642 1132 718 calamitates

122 774 299 847 accidisse.
335 773 433 864 Ques
458 773 586 845 iccirco
619 797 693 844 non
726 794 990 868 commemoro,
1017 796 1063 842 ne
1089 769 1133 843 de

120 898 267 971 miseriis
297 922 457 971 meorum
489 898 766 970 necessariorum
800 920 1042 996 conquerens,
1074 894 1137 968 ho-

120 1023 251 1121 mines,
277 1048 366 1124 quos
392 1021 477 1094 nole
495 1022 521 1121 ⁶,
546 1023 669 1095 videar
694 1021 881 1096 offendere.
907 1022 1051 1121 Itaque,
1066 1021 1135 1092 nisi

119 1173 284 1246 magnam
310 1174 410 1247 spem
437 1146 622 1244 haberem,
647 1147 685 1219 C.
712 1148 854 1220 Caesari
887 1171 956 1219 nos
991 1171 1133 1218 causam

119 1273 304 1372 municipii
338 1272 567 1373 probaturos3
599 1295 673 1343 non
705 1284 780 1344 erat
814 1297 938 1368 cansa,
964 1297 1029 1344 cur
1054 1297 1072 1343 a
1100 1284 1134 1342 te

118 1397 188 1473 hoc
215 1413 376 1498 tempore
403 1397 535 1499 aliquid
560 1396 821 1472 contenderem.
848 1396 919 1469 Sed
945 1397 1029 1498 quia
1048 1420 1133 1469 con-

119 1525 211 1623 fido,
235 1524 390 1625 mihique
416 1525 591 1624 persuasi,
623 1523 722 1596 illum
748 1537 785 1596 et
811 1523 991 1620 dignitatis
1017 1522 1133 1594 muni-

120 1651 220 1749 cipii,
247 1664 282 1723 et
308 1651 511 1750 aequitatis,
536 1651 643 1722 etiam
667 1647 887 1723 voluntatis?
907 1674 990 1747 erga
1011 1673 1051 1722 se
1070 1646 1133 1720 ha·

31 1782 34 1787 ⁴
117 1772 276 1846 biturum
308 1799 383 1846 esse
416 1775 607 1847 rationem:
638 1772 719 1848 ideo
747 1800 766 1846 u
795 1789 828 1846 te
860 1798 935 1846 non
969 1773 1133 1845 dubitavi

118 1899 349 1998 contendere,
374 1913 414 1972 ut
438 1898 530 1972 hanc
558 1925 699 1972 causam
726 1899 774 1971 illi
799 1901 974 1996 integram
991 1925 1134 1973 conser-

116 2049 228 2098 vares.
257 2025 364 2117 Quod
383 2027 447 2098 etsi
465 2025 693 2098 nihilominus
711 2052 730 2097 a
750 2039 784 2097 te
802 2039 979 2125 peterem,
997 2026 1027 2098 si
1046 2024 1134 2097 nihil

119 2150 334 2224 audivissem
361 2167 395 2224 tc
422 2151 491 2224 tale
517 2151 657 2248 fecissc3
683 2165 801 2223 tamen
826 2151 997 2224 maiorem
1030 2177 1132 2251 spem

6 2272 11 2280 ’
120 2277 335 2376 impetrandi
360 2283 485 2350 nactus
503 2303 600 2374 sum,
624 2290 856 2377 posteaquam
881 2275 968 2348 mihi
996 2276 1133 2349 dictum

119 2416 191 2501 est,
222 2403 292 2476 hoc
325 2403 421 2476 idem
447 2429 466 2475 a
493 2416 528 2475 te
553 2403 740 2500 Regienses
771 2403 1025 2501 impetravisse.
1058 2401 1133 2494 Qui

116 2527 183 2599 etsi
209 2540 245 2599 te
271 2526 386 2628 aliqua
411 2527 669 2600 necessitudine
687 2528 882 2626 attingunt3
908 2542 1032 2601 tamen
1051 2542 1133 2601 tuus

115 2669 215 2724 emor
238 2653 275 2723 in
301 2656 357 2723 me
383 2679 522 2752 sperare
547 2680 604 2725 me
631 2655 741 2751 cogit,
767 2665 820 2750 te,
847 2651 945 2753 quod
970 2655 1041 2727 tuis
1069 2677 1133 2726 ne·

116 2778 273 2848 cessariis
312 2776 496 2877 tribueris,
529 2780 625 2851 idem
658 2804 733 2850 esse
767 2778 981 2851 tributurum
1020 2778 1130 2851 meis:

115 2903 321 3001 praesertim
347 2930 456 3004 quum
489 2930 553 3002 ego
587 2930 653 3004 pre
688 2904 741 2976 his
777 2905 856 2976 nnis
890 2919 1034 3005 petam3
1070 2904 1132 2979 ha·
1201 2890 1204 2895 Α

113 3024 217 3099 bearn
244 3041 378 3128 autem,
404 3033 463 3131 qui
489 3030 592 3103 simili
618 3057 722 3104 causa
748 3030 929 3131 laborent,
965 3032 1131 3133 complu·

112 3175 169 3226 res
194 3156 417 3229 necessarios.
450 3158 528 3230 Hoc
555 3183 611 3228 me
637 3182 710 3229 uon
742 3158 818 3230 sine
851 3184 957 3231 causa
991 3159 1126 3255 facere,

113 3301 228 3379 neque
247 3279 362 3381 aliqua
379 3280 449 3354 levi
466 3283 659 3354 ambitione
674 3283 690 3333 ⁰
708 3298 926 3355 commotum
949 3310 968 3355 a
988 3298 1023 3357 te
1042 3310 1130 3357 cen·

112 3405 275 3504 tendere,
301 3409 365 3479 etsi
392 3420 427 3480 te
454 3410 650 3480 existimare
677 3408 846 3482 arbitrer:
885 3423 1005 3483 tamen
1040 3410 1129 3482 mihi

110 3527 298 3604 affirmanti
324 3533 446 3606 credas
472 3534 596 3632 velim,
625 3558 681 3606 me
713 3534 795 3606 huic
831 3537 1026 3635 municipio
1065 3535 1128 3609 de-

109 3654 192 3730 bere
225 3657 433 3758 plurimum3
465 3659 599 3731 nullum
634 3688 802 3762 umquam
838 3662 944 3735 fuisse
986 3677 1130 3763 tempus

107 3806 222 3884 neque
247 3783 438 3882 honorum,
463 3811 577 3885 neque
603 3784 765 3859 laborum
791 3812 968 3886 meorum,
993 3789 1031 3860 in
1051 3814 1124 3890 qno

107 3930 180 3983 non
205 3910 308 3985 huius
335 3911 516 4011 municipii
542 3911 699 3986 studium
724 3913 760 3988 iu
779 3938 834 3988 me
853 3916 1026 3989 exstiterit
1045 3915 1118 3988 sin-
