2648 4822
225 439 296 539 ⁴10
589 463 860 518 taramriam

228 589 264 630 ro
285 570 345 630 Nec
365 568 473 629 Caesar
491 571 554 652 ipse
575 569 771 649 desiderabit,
798 571 851 652 qui
871 568 951 629 bona
972 569 1233 653 Pompeianam

264 689 358 760 emat,
378 688 534 760 postquam
556 675 655 738 Sullae
674 675 770 737 lilium
790 675 905 738 viderit
930 676 1060 738 laenim
1082 682 1181 762 patria
1206 684 1235 739 in

263 786 393 846 tectione
413 783 546 846 facienda
557 787 696 845 imitator
716 785 772 845 erit
792 786 930 868 optimus.
954 782 1093 867 Quarter

229 903 259 952 tr
283 890 450 951 Caesarem.
476 889 595 952 Nonou
619 898 648 954 et
672 889 837 964 cmdekm,
864 891 918 952 Cn.
944 890 1144 976 Pompeiam,
1170 894 1235 954 Ma

264 999 313 1078 gni
334 997 369 1058 F.

229 1117 262 1164 ta
283 1098 418 1187 Pompeii
437 1102 540 1185 Magni
560 1102 653 1189 filius,
674 1123 720 1189 ep⁴
740 1099 859 1183 nxxt,
880 1120 909 1166 a.

228 1205 263 1272 t3
276 1211 408 1272 Viciaaim
423 1211 554 1273 irridere.
568 1211 697 1274 lrridere
711 1210 833 1295 quidem
847 1209 957 1295 gladio,
971 1214 1157 1272 matieoram
1170 1233 1236 1273 mo-

264 1332 318 1402 ret
338 1333 397 1380 bon
418 1318 548 1404 facetiis,
568 1320 825 1403 quemadmodum
849 1318 959 1382 albani
985 1311 1133 1383 nomina.
1154 1317 1256 1385 vide*

132 1462 136 1471 ·
263 1423 367 1487 senec,
389 1425 509 1487 suasor.
531 1422 561 1510 l,
581 1449 611 1511 p.
632 1420 662 1488 5.

228 1531 266 1609 14
276 1531 385 1594 Vtmm
401 1531 524 1616 solicito,
537 1554 576 1595 an
588 1530 686 1596 soluto
699 1554 749 1597 me
760 1537 860 1596 animo
875 1529 937 1597 erae
949 1518 1099 1618 oportmt
1114 1534 1236 1599 Mmtut.

657 1773 797 1838 nxxtv.

230 1978 242 2022 t
266 1956 334 2022 Scit.
354 1980 402 2042 ep.
423 1960 548 2023 nxvlt.

226 2084 244 2130 2
267 2067 386 2150 Aliquot
406 2069 472 2128 libri
493 2071 607 2151 scripti,
626 2067 695 2129 edd.
715 2089 761 2151 pr.
782 2079 813 2129 et
832 2062 937 2128 Lamb.
957 2080 1053 2151 qttnm
1073 2067 1168 2152 quod,

226 2176 326 2238 tzet.
347 2179 373 2238 A
393 2189 425 2237 ut
449 2199 517 2258 ego,
541 2177 592 2238 cui
616 2211 657 2221 -
681 2177 824 2246 alterum
849 2175 1012 2240 Lambinus
1039 2188 1093 2257 nt,
1119 2180 1171 2239 aa·
1196 2207 1239 2225 .—

264 2305 317 2368 ego
338 2281 474 2346 alterum.

225 2391 520 2477 lffiwiensium,
541 2390 579 2453 de
600 2390 710 2474 quibus
730 2412 777 2474 ep.
798 2392 916 2469 Dxxt,
935 2410 965 2451 a.

225 2496 247 2563 5
268 2502 332 2581 Sic,
353 2512 514 2585 praeeunte
534 2500 698 2581 Lambino,
719 2498 873 2560 Schiitziua
887 2510 918 2559 et
931 2499 1067 2559 Lemaire
1089 2520 1129 2561 ex
1150 2502 1239 2583 inge·

265 2610 333 2691 nio,
355 2609 445 2690 vulgo
466 2607 538 2667 scio,

226 2712 536 2795 ssMartyni-Laguna
558 2713 649 2774 edidit
670 2714 743 2773 lutee
764 2732 825 2786 rer,
854 2725 888 2773 ut
913 2717 973 2773 iam
1000 2714 1156 2775 Corradus
1181 2737 1239 2775 vo·

267 2819 372 2879 luerat.

228 2939 246 3006 7
269 2926 385 2986 Scilicet
406 2927 545 2988 Caesaris.

227 3030 247 3094 8
266 3032 345 3093 Edd.
367 3036 440 3094 tens.
464 3047 493 3095 et
514 3034 649 3096 Lambini
670 3057 734 3093 erse
745 3034 891 3115 satanam.

226 3158 248 3223 9
269 3139 334 3200 Hoc
355 3153 412 3225 est,
426 3163 519 3227 mors,
539 3165 617 3226 quae
632 3141 779 3204 Aristoteli
800 3153 854 3204 τῶν
873 3149 996 3224 antipae
1022 3147 1238 3223 φοβερώτατον,

268 3248 439 3310 terribilium
459 3251 593 3313 maxime
614 3251 748 3312 terribile.
771 3251 880 3309 Graev.

229 3369 267 3416 to
288 3355 337 3417 Sic
358 3356 424 3419 libri
445 3361 553 3442 scripti.
574 3359 644 3441 Alii,
666 3363 742 3419 inter
765 3378 841 3440 quos
864 3356 1043 3437 Lambinus,
1064 3369 1096 3413 ut
1115 3376 1177 3415 non
1200 3359 1239 3417 sit

263 3463 427 3525 vivendum.
451 3467 605 3544 Quantum
621 3477 722 3526 autem
736 3465 884 3547 intelligo,
904 3466 999 3544 inquit
1011 3463 1184 3541 Victorius,
1199 3485 1239 3523 ex

267 3582 395 3654 utraque
417 3573 541 3634 lectione
562 3574 687 3634 idoneus
708 3592 810 3633 sensus
838 3571 967 3632 elicitur:
989 3590 1024 3629 ex
1049 3580 1172 3650 recepta
1196 3591 1237 3629 sc.

267 3693 300 3740 ut
311 3701 370 3740 non
384 3684 422 3741 ait
437 3681 605 3754 vivendum,
627 3693 661 3742 ut
682 3685 801 3764 opinor,
821 3679 884 3739 hic:
907 3681 1006 3738 vivere
1020 3678 1125 3735 amissa
1142 3677 1242 3758 digni·

269 3796 329 3847 tate
350 3792 547 3850 miserrimum
570 3800 627 3849 est:
650 3789 729 3850 docti
750 3791 828 3849 enim
857 3799 886 3848 et
911 3805 1014 3869 graves
1035 3786 1089 3844 viri
1118 3797 1240 3846 rectum

268 3913 329 3954 non
350 3917 414 3957 esse
433 3896 604 3958 iudicabant
624 3901 723 3959 vivere
744 3896 800 3975 illi,
821 3898 872 3977 qui
894 3896 1065 3977 dignitatem
1086 3893 1239 3973 perdidis-

271 4008 322 4061 set
344 4003 437 4080 Quod
458 4007 546 4066 etiam
567 4016 668 4067 vetere
682 4002 841 4087 proverbio
863 3999 1083 4075 declarabatur,
1103 4019 1169 4079 quo
1190 4000 1244 4059 Ci·
