2648 4822
151 386 223 482 544
513 402 788 456 tunortrtonra

148 514 265 590 §Nem
285 506 372 585 Syl'ia
388 507 513 590 propior
531 507 663 590 Africae,
683 503 834 568 Cornificii
857 507 1058 590 provinciae,
1079 528 1166 591 qun

189 620 321 699 Romae,
337 617 397 681 'etei
415 613 515 675 medin
527 617 612 677 inter
631 615 750 691 Syriam
770 625 801 675 et
813 611 948 676 Aliicem
961 611 1061 677 fuerit
1074 616 1169 697 Aegy·

189 736 274 809 ptua,
295 723 353 785 alio
372 722 477 806 populi
495 723 550 783 llo.
571 724 731 804 prouincia.

150 832 172 896 5
191 833 272 913 Belle
293 832 445 913 componit
464 830 556 890 otium
576 849 646 890 cum
666 830 798 909 negotio,
820 839 856 890 ut
874 831 936 889 iarn
958 828 1000 889 de
1024 830 1061 890 (L
1076 830 1171 892 Canio

157 989 161 998 .
183 943 319 1018 ‘fernen
339 939 455 1013 dcena,
477 959 546 999 eum
567 959 599 998 rc
619 938 791 1016 Syracusas
808 935 927 997 otiandi
939 969 984 982 —-
996 958 1064 999 raon
1083 959 1172 1020 nego·

158 1047 597 1130 ,fl-uaadicaasaffionnusse,
618 1045 679 1106 off.
701 1046 760 1123 lll,
784 1045 828 1120 ¹4
848 1044 1054 1106 Vacationem
1070 1057 1172 1106 autem

193 1179 214 1218 u
230 1157 358 1236 negotiia
378 1153 521 1239 intellige,
540 1152 587 1214 vel
608 1155 640 1213 in
660 1152 785 1231 Senatu,
807 1150 853 1215 vel
865 1153 897 1211 in
910 1151 1019 1231 Foro,
1041 1153 1172 1215 Cucsure

195 1267 295 1325 omnia
316 1273 488 1343 occupante.
746 1322 750 1330 ,
941 1332 944 1347 Ι
1049 1326 1052 1332 ,

153 1371 176 1433 6
194 1372 292 1433 Malis
311 1389 368 1453 pro
387 1370 493 1433 aialim
513 1367 679 1447 eleganter,
700 1377 735 1428 nt
754 1365 840 1427 illud:
854 1365 897 1427 Aa
908 1366 965 1426 tibi
978 1381 1120 1450 repente,
1131 1396 1172 1412 -

194 1500 287 1562 qiucm
311 1479 431 1539 minime
454 1489 675 1558 exspectarem,
699 1477 776 1536 rcm't
792 1473 838 1535 ad
856 1494 903 1535 nae
927 1471 1099 1551 Caninium
1125 1495 1170 1558 ep

195 1587 323 1664 CDXL,
348 1607 372 1646 1.

156 1716 173 1774 7
195 1693 279 1753 Libri
299 1691 385 1751 multi
406 1711 475 1751 cum
496 1689 602 1751 Lamb.
622 1691 696 1772 quia
717 1687 820 1761 videor
845 1688 898 1750 aed
923 1691 1002 1772 quia
1028 1690 1172 1753 Gebhar-

197 1800 253 1860 dus
274 1820 331 1882 ope
353 1797 490 1858 codicum
512 1808 658 1858 matorum
679 1801 740 1858 iem
760 1800 895 1859 eiecerat.

156 1906 177 1970 8
195 1905 303 1968 anb.
323 1904 396 1966 dnm
415 1918 446 1966 tu
464 1904 553 1978 abcs;
574 1915 608 1964 ut
627 1926 674 1987 ep.
695 1906 784 1966 DCL.

156 2036 179 2098 9
198 2014 292 2093 Dicit,
311 2027 406 2075 cetera
417 2013 552 2093 sommae
572 2034 603 2073 aa
624 2011 717 2074 libere
738 2013 882 2092 scribere,
901 2012 956 2075 sed
976 2016 1020 2075 ila
1050 2025 1172 2099 nmen,

199 2133 234 2184 ut
247 2118 405 2183 Cornificio
425 2121 547 2204 probari
567 2130 704 2203 possent,
725 2119 778 2182 sed
796 2141 875 2201 quae
889 2124 1028 2203 proxime
1041 2126 1173 2207 scripsit,

178 2228 239 2290 dc
258 2232 372 2313 optimo
392 2248 501 2309 genere
521 2228 656 2310 dicendi,
677 2228 706 2288 id
727 2226 849 2289 liberius
868 2227 987 2311 fecisse,
1009 2241 1105 2312 atque
1119 2234 1172 2312 iu,

199 2349 235 2398 ut
255 2336 389 2397 diffidere
409 2336 492 2396 illum
514 2339 686 2420 auspicetur.
886 2315 890 2324 .

161 2465 200 2507 ao
220 2445 301 2506 ldeat
321 2444 483 2505 Oratorem
504 2443 546 2505 ad
557 2444 598 2504 Μ.
613 2444 741 2505 Brutum
754 2445 906 2526 superiore
918 2464 1002 2510 anno
1015 2448 1173 2528 ocriptunn

200 2553 317 2613 Sclu'itz.

165 2679 196 2720 tt
221 2660 343 2742 Scripsit
364 2671 393 2720 ct
413 2657 589 2719 Cornificius
608 2658 648 2719 de
668 2670 732 2721 arte
748 2659 920 2742 Rhetorica,
943 2670 979 2719 ut
1000 2672 1174 2725 auctorest

201 2765 324 2842 Quintil.
346 2765 405 2844 Ill,
426 2788 451 2826 c.
478 2788 509 2848 1,
531 2787 579 2826 21.
601 2767 896 2829 Manut.llloxlib1·i
917 2767 1004 2828 multi
1019 2771 1061 2830 ab
1077 2771 1172 2831 noui.

165 2893 199 2932 η
222 2872 354 2949 scilieet,
375 2871 554 2952 suffragare,
574 2877 597 2932 si
618 2876 716 2934 minus
743 2879 912 2957 exanimo,
936 2875 1042 2934 saltem
1066 2880 1173 2957 gratia.

201 2979 261 3039 Pro
283 2980 311 3037 si
329 2980 426 3038 minus
446 2979 552 3040 Lamb.
575 2991 604 3041 et
624 2985 716 3042 nostri
738 2981 850 3064 aliquot
869 2984 915 3040 sin
935 2983 1044 3042 minus.

167 3086 201 3146 13
224 3086 272 3146 Sic
292 3085 360 3146 libri
381 3086 420 3147 ad
441 3107 534 3147 unum
561 3109 680 3171 omnes,
706 3102 825 3171 praeter
850 3090 1038 3175 Ernestium,
1060 3096 1116 3173 qui
1137 3114 1176 3154 ex

204 3195 373 3256 coniectura
394 3195 487 3262 edidit
503 3196 659 3279 probaris,
682 3196 832 3265 affirmans
853 3199 1028 3261 Ciceronem
1044 3221 1108 3261 non
1123 3222 1175 3262 vo·

164 3354 169 3361 .
200 3301 291 3364 luisse
313 3301 430 3385 dicere,
449 3302 641 3365 Cornificium
662 3326 722 3364 uon
742 3303 957 3386 probaturum,
972 3305 1042 3384 sed,
1056 3310 1081 3367 ei
1097 3308 1175 3369 forte

174 3449 180 3462 .
204 3429 264 3467 non
292 3409 471 3492 probaverit.
500 3413 560 3469 Nos
585 3414 723 3470 nimirum
740 3412 819 3485 ,ideo
846 3424 929 3472 extra
954 3411 1175 3475 dubitationem
1211 3448 1214 3452 ·

161 3556 166 3563 -
203 3515 317 3576 dictum
348 3520 530 3600 accipimus,
555 3521 626 3599 quia
641 3522 711 3589 ,ium
739 3521 843 3579 Cicero
871 3522 1005 3600 superius
1033 3521 1175 3604 dixerat,

204 3622 397 3688 Cornificium
420 3625 620 3687 dissensurum
642 3625 679 3685 ah
701 3631 764 3687 eius
785 3648 884 3709 opere.

167 3731 205 3806 ¹4
223 3732 289 3792 Nou
310 3743 408 3815 muto,
429 3735 500 3814 quia
520 3733 551 3794 id
566 3736 657 3794 etiam
676 3735 804 3795 inlibro
819 3755 873 3797 suo
887 3737 998 3815 reperit
1011 3734 1175 3797 Victorius.

171 3882 174 3889 .
202 3838 305 3900 Placet
324 3851 426 3901 tamen
446 3852 476 3902 et
496 3840 698 3915 solicitudine,
720 3854 753 3902 ut
774 3842 886 3903 hebent
906 3841 974 3902 iibri
995 3842 1083 3902 multi
1105 3864 1176 3903 curn

203 3944 365 4025 Lumbino,
386 3959 416 4008 et
437 3949 566 4030 intelligo
588 3949 626 4013 da
646 3949 896 4012 administratione
915 3961 946 4010 et
959 3970 1033 4010 cura
1046 3954 1172 4034 provin·

205 4052 266 4110 cine
288 4051 446 4116 Cornificii.
