2648 4822
237 431 318 555 ,spo
608 449 879 513 sirmiense

280 556 367 618 affert
387 553 583 637 recuperandi
603 553 736 614 fortunas
757 565 787 614 et
805 553 992 636 dignitatem,
1006 558 1129 616 tertium
1142 559 1166 616 si
1182 579 1252 619 eve·

280 669 358 742 niat,
382 665 580 746 praecipusun
610 661 745 732 dolorm
766 661 875 723 ‚adimit
902 665 932 721 in
952 682 1004 745 eo,
1026 664 1109 743 quod
1132 666 1251 726 accidat

280 773 430 833 universis.
452 770 568 831 Manat.

242 902 264 966 9
284 880 320 941 ‘st'
337 876 713 949 camulianensium.
735 876 886 957 7.et'Zael.
906 877 959 937 B..

246 1009 282 1049 ιο
301 989 438 1048 Durante
457 985 546 1046 bello.
567 985 694 1067 Aliquo,
712 987 816 1068 positis
833 983 944 1051 scilicet
965 987 1060 1045 armis,

128 1099 131 1105 ’
247 1117 278 1159 ss
302 1095 391 1163 Amb.
408 1095 443 1155 13
464 1105 497 1155 et
515 1095 585 1159 nac.
597 1091 758 1174 ferendam
776 1105 844 1155 esse?
860 1114 978 1155 omnem
988 1093 1162 1174 sortumm,
1177 1094 1209 1155 b
1225 1118 1251 1156 e.

246 1272 249 1279 ¹
271 1203 492 1280 ,conditionem

245 1330 283 1377 ια
303 1311 417 1394 Nempe
438 1311 613 1392 Torquatus
632 1311 692 1371 iam
712 1311 743 1370 iu
764 1309 877 1371 ltaliam
895 1309 1040 1391 permissu
1053 1307 1190 1369 Caesaris
1203 1330 1254 1369 ve·

271 1426 382 1498 uerat,
404 1416 472 1479 vide
492 1417 532 1476 ad
553 1439 600 1500 ep.
620 1416 744 1478 DXVll.

700 1659 792 1717 DLX.

248 1868 260 1911 1
283 1846 387 1908 Cicero
407 1849 547 1908 nimirum
567 1859 694 1929 pestep.
708 1846 806 1907 DLVl
826 1849 856 1905 in
876 1842 1052 1905 subm-bano
1073 1843 1160 1904 Sicne
1181 1864 1253 1904 eum

282 1965 470 2017 convenerat.
490 1955 607 2017 Setius.

244 2081 263 2121 n
283 2061 461 2145 Legendum
480 2061 599 2124 videtur
618 2081 711 2143 quum
728 2061 807 2142 plus.
828 2057 946 2120 Schiitz.

244 2169 266 2229 3.
283 2168 412 2251 Caesar,
441 2169 508 2251 lege
538 2170 722 2246 sumtusria,
743 2167 796 2236 ,rel
822 2166 879 2228 alia
899 2164 1055 2245 singulari,
1077 2162 1255 2228 definiverat

283 2288 416 2339 stantum
436 2280 467 2338 in
487 2275 713 2360 sepulchrorum
736 2277 921 2336 monimenta
940 2271 1143 2355 emgandum3
1160 2294 1253 2354 quem

257 2438 261 2445 .
281 2388 335 2467 qui
355 2387 538 2466 excessisset,
558 2383 761 2462 tantumdem,
775 2393 924 2464 quantum
937 2392 1051 2444 sumtus
1066 2381 1161 2441 factus
1173 2401 1256 2441 sum·

280 2512 364 2553 mam
384 2493 449 2574 lege
470 2489 622 2552 definitam
643 2489 818 2573 superabat,
845 2488 958 2572 populo
985 2487 1057 2549 dare
1077 2486 1252 2548 iubebatur.

282 2600 428 2660 Schoeub.

242 2707 361 2783 lEdd.
383 2708 456 2765 lens.
479 2715 508 2764 et
529 2705 619 2765 Herv.
640 2705 724 2788 quod
744 2727 790 2765 me
810 2723 996 2785 magnopere.

242 2813 262 2874 5
282 2815 406 2875 Poterat
419 2815 524 2873 Cicero
538 2814 730 2896 sepulchrum
750 2811 1071 2896 magnificentissimum
1085 2807 1163 2869 filiae
1178 2830 1255 2870 suae

281 2921 388 2982 honori
410 2925 554 3002 excitare,
575 2944 671 3005 neque
692 2923 765 3004 legis
785 2943 882 3005 poena
904 2939 1087 3003 magnopere
1109 2919 1254 3002 detineri,

281 3050 375 3108 quum
397 3049 548 3090 excessum
569 3034 712 3113 pecuniae
733 3030 799 3112 lege
813 3028 952 3092 delinitae
971 3031 1002 3088 in
1015 3027 1161 3110 populum
1183 3048 1254 3086 ero-

282 3155 354 3214 gare
367 3141 520 3218 potuisset.
541 3140 680 3199 Attamen
700 3138 758 3198 hoc
779 3148 1008 3198 monumentum
1027 3133 1254 3195 similitudinem

281 3254 312 3304 et
331 3265 441 3306 nomen
462 3245 609 3329 sepulchri
625 3245 843 3327 praeseferebat
855 3245 920 3327 (ep.
937 3265 996 3324 seq.
1016 3243 1056 3322 t).
1078 3244 1168 3321 Atqui
1189 3261 1254 3300 non

282 3352 489 3433 sepulchrum,
503 3354 586 3434 quod
608 3353 761 3434 apotheosi
773 3374 834 3413 non
850 3352 993 3432 decebat,
1008 3350 1060 3409 sed
1075 3349 1177 3407 sanum
1193 3348 1255 3408 diei

282 3471 312 3519 et
331 3458 437 3536 haberi
459 3459 586 3521 volebat.

241 3564 262 3623 6
282 3565 370 3625 Horti
393 3566 624 3644 Transtiberini,
646 3566 698 3626 ubi
720 3567 821 3628 surium
845 3575 984 3626 extruere
1005 3563 1111 3623 Cicero
1131 3561 1255 3621 volebat

282 3678 345 3755 (ep.
365 3673 522 3750 DXXXV,
540 3672 581 3753 1),
601 3676 671 3755 quia
691 3674 857 3736 avidissime
877 3671 1092 3754 expetebantur
1113 3668 1152 3727 ab
1175 3688 1255 3750 opu-

280 3778 445 3840 lentissimis
465 3778 649 3860 hominibus,
663 3792 753 3862 atqua
773 3803 810 3842 ex
831 3781 1036 3861 frequentibus
1057 3778 1253 3837 dominorum

282 3889 495 3951 mutationibus
515 3891 576 3950 lani
596 3894 732 3951 sanctitas
752 3889 880 3951 multum
901 3887 1025 3970 periculi
1047 3887 1167 3945 aditura
1181 3888 1255 3946 luis-

280 4007 348 4075 set,
367 3996 435 4061 ideo
456 3997 495 4061 de
515 3999 549 4061 iis
570 3996 740 4081 mutandis,
771 3999 884 4059 etiamsi
913 3996 1108 4057 celeberrimo
1133 3996 1162 4052 in
1185 3993 1254 4054 loco
