2648 4822
155 421 229 516 486
521 438 791 488 assorsriouss

155 566 193 607 22
215 543 350 606 Verbum
370 540 496 625 quareo
515 541 593 649 bene
614 539 761 624 supplevit
780 540 884 599 Rosius
895 558 939 621 ¹es
954 538 1093 618 Domut,
1111 543 1163 622 qui

195 665 227 715 et
246 651 398 735 explanat:
420 650 452 711 Si
473 660 609 731 tempora
628 668 691 709 noa
711 649 900 727 conveniant,
913 666 1012 726 neque
1031 644 1160 727 quadret

195 759 382 823 Tuditanum
410 767 620 840 quaestorem,
649 765 703 816 aut
731 753 887 816 aibunum
916 751 1046 813 militum
1070 753 1161 814 fisisse

194 867 274 930 bello
285 865 433 944 Aehaioo,
451 862 506 925 sed
525 873 629 924 eontra
648 871 779 942 constet,
798 881 869 921 eum
881 843 1088 938 Quaesturam
1106 872 1161 921 aut

194 973 397 1035 Tribunatum
416 969 543 1032 militurn
564 968 622 1031 alio
643 968 722 1030 bello
743 971 880 1049 gessisse,
898 976 932 1027 tu
952 970 1029 1028 seire
1048 971 1161 1050 poteris

194 1081 234 1143 ab
253 1078 418 1159 Antiocho,
446 1099 520 1139 num
550 1078 655 1139 saltem
679 1076 719 1137 ad
738 1074 915 1136 Corinthum
933 1095 1014 1136 unus
1033 1095 1053 1135 e
1071 1096 1164 1159 prae·

193 1190 276 1251 foetis
296 1199 350 1249 out
369 1184 633 1247 contubernalibus
652 1185 788 1244 Mummii
809 1183 906 1244 suerit

155 1296 193 1358 23
215 1297 293 1358 Tam
314 1315 389 1357 sero.
407 1292 597 1355 Gmev.Vid.
613 1291 712 1373 adep
725 1289 875 1351 DCCLlX
889 1289 967 1350 med
990 1288 1024 1350 id
1043 1290 1160 1350 aetatis.

152 1403 197 1489 μή
216 1403 379 1485 Impensius
400 1422 470 1463 eum
490 1419 551 1463 non
571 1401 712 1480 invitavi,
741 1418 803 1459 non
828 1400 934 1478 coegi,
960 1409 996 1458 ut
1015 1408 1159 1458 maneret

60 1582 65 1589 ,
194 1509 393 1572 Proverbialis
412 1508 536 1570 locutio.

156 1617 196 1679 25
217 1616 349 1697 lutellige
369 1635 485 1677 morem
506 1617 537 1674 in
556 1611 665 1674 talibus
685 1610 851 1695 hospitibus
864 1613 1031 1694 repentinis.
1046 1610 1161 1671 Ernest.

194 1723 273 1784 Edd.
295 1742 398 1783 omnes
418 1743 513 1803 usque
533 1719 574 1781 ed
593 1719 698 1781 Larnb.
725 1721 775 1780 mi.
798 1722 881 1781 Tum
904 1733 932 1780 et
950 1719 1037 1780 madi
1056 1733 1161 1801 emat,

196 1850 266 1891 eum
286 1833 350 1913 ipso
371 1833 502 1890 eousites.

156 1935 197 2011 ιβ
216 1937 265 1999 Se
286 1947 369 1998 ortus
389 1947 443 1998 est
463 1935 628 2018 Malaspina
648 1918 841 1997 eoniieiebat:
873 1933 936 1996 Sed
959 1934 1067 1997 recma
1087 1937 1162 1997 belle

184 2020 269 2107 'sam
287 2064 397 2116 semar
418 2042 575 2104 suumn
596 2041 689 2104 sarda
708 2065 734 2104 ο.
754 2043 845 2116 scae,
866 2057 896 2103 a
916 2064 1022 2103 ama.

155 2172 194 2233 27
215 2152 295 2214 Italis
313 2153 405 2215 Ponte
425 2151 539 2225 Molle,
559 2154 613 2234 qui
633 2150 736 2213 Tiberi
757 2155 910 2235 impositus
932 2162 977 2212 est
996 2150 1037 2211 ad
1057 2171 1164 2212 seeun-

194 2260 269 2322 dum
287 2259 418 2343 lapidem
438 2258 478 2320 ab
498 2258 583 2321 urbe
608 2259 736 2321 Tiberim
756 2259 827 2320 clami
846 2257 1008 2319 secandam
1029 2272 1160 2331 monas,

193 2366 289 2449 idest,
308 2379 343 2428 ut
362 2377 478 2428 mutato
499 2367 604 2449 alveo,
624 2366 742 2428 Tiberis
762 2367 885 2450 posthae
905 2365 945 2426 ad
964 2366 1082 2429 radiens
1101 2368 1163 2429 Va·

195 2475 284 2534 tioani
304 2471 420 2535 flueret.
443 2473 487 2533 Cf.
511 2495 557 2556 ep.
577 2473 713 2552 DCXX,
738 2494 762 2533 r.

154 2577 194 2642 28
214 2583 253 2641 At
273 2602 330 2662 ego
350 2581 422 2662 ibo,
446 2580 493 2640 vel
524 2585 566 2641 ire
588 2585 687 2661 cogito
707 2581 747 2641 ud
766 2580 899 2642 tabulam
921 2583 1066 2642 auctionis
1087 2583 1162 2642 Sca-

195 2688 373 2770 pulanorum
394 2688 574 2767 hortorum,
600 2699 653 2770 ut,
679 2691 702 2748 si
723 2692 851 2771 possim,
881 2689 1042 2749 commodo
1061 2693 1163 2772 pretio

194 2815 293 2855 emam
313 2794 424 2856 hortos.
447 2796 564 2856 Possim
585 2796 667 2857 dedit
680 2799 794 2877 primus
807 2796 960 2858 Ernestius
975 2817 1012 2857 ex
1026 2797 1075 2859 ed.
1090 2800 1162 2878 aa,

194 2912 224 2962 et
244 2903 390 2983 recipiunt
411 2923 491 2962 nune
511 2922 635 2985 omnes;
657 2903 727 2963 olim
745 2926 874 2986 possem.
957 2945 959 2950 ·

154 3028 194 3091 29
214 3008 294 3085 Quia
315 3020 379 3068 tum
400 3009 505 3070 Cicero
525 3009 628 3071 hortos
649 3032 718 3071 suos
739 3015 889 3072 amisisset.
911 3012 1060 3094 Campum
1081 3013 1162 3072 Mar·

192 3117 267 3174 tium
298 3127 380 3175 extra
411 3116 518 3178 urbem
550 3119 639 3179 firisse
670 3122 738 3179 satis
768 3132 890 3180 constat
917 3120 988 3180 Post
1009 3120 1160 3202 Campum

191 3221 333 3282 Matium
364 3224 546 3306 sequebatur
566 3226 697 3308 Campus
718 3227 878 3287 Vaticanus
899 3227 1025 3307 (Tiberi
1057 3238 1162 3287 tannen

191 3330 269 3389 inter
289 3341 451 3412 utrumque
471 3331 583 3394 fluente
599 3333 625 3413 l,
646 3337 675 3394 in
697 3356 758 3415 quo
779 3347 864 3395 erant
883 3334 962 3393 borti
983 3335 1161 3395 Transtibe-

192 3438 264 3514 rini,
278 3439 463 3520 proindeque
477 3444 566 3502 etiam
588 3442 754 3523 Scapulani.
777 3443 808 3500 Si
830 3463 902 3520 ergo
919 3445 1033 3524 Campo
1047 3442 1160 3503 Martio

192 3545 221 3601 in
242 3543 318 3605 urbe
339 3546 471 3630 incluso,
499 3548 630 3631 Campus
650 3549 812 3609 Vaticanus
832 3553 916 3630 quasi
937 3549 1012 3609 alter
1032 3551 1162 3609 Martius

193 3649 316 3712 effeetus
337 3653 457 3736 fuisset,
489 3655 589 3737 ibique
621 3659 740 3714 comitia
760 3656 881 3732 habita,
913 3669 1013 3717 actum
1034 3669 1100 3717 erat
1121 3657 1162 3718 de

192 3756 301 3836 hortis,
322 3781 397 3841 quos
418 3761 523 3823 Cioero
545 3784 645 3824 emere
666 3763 793 3823 volebat.
909 3789 911 3792 ⁴

152 3862 191 3922 30
212 3866 323 3946 Legem
345 3867 384 3928 de
405 3868 480 3929 urbe
502 3871 639 3951 augenda
659 3870 791 3952 perferri.

152 3968 186 4026 31
212 3972 258 4030 Aa
273 3973 392 4056 idibus,
412 3987 446 4035 ut
467 3989 620 4058 putamus,
642 3980 739 4038 auctio
760 3980 797 4038 sit
817 3978 926 4039 sutura.
948 3979 1055 4038 Auctio
1077 3981 1160 4039 enim

190 4079 387 4142 melloniam
409 4081 546 4145 adducet.
569 4083 646 4147 Vide
667 4085 843 4146 Munatium.
