2648 4822
126 402 130 413 ’
158 419 233 515 488
538 439 809 493 stamineam
941 410 944 416 ’

198 545 268 604 Piso
288 541 352 626 hic,
372 553 402 603 et
423 539 530 624 reliqui
551 541 713 604 coheredes
734 542 932 620 Herenniani,
945 545 1116 625 pecuniam
1136 547 1164 605 vi

198 650 308 711 dentur
327 671 416 732 saepe
434 649 544 710 fnestra
563 670 582 710 a
603 649 715 734 pupilio
728 650 841 710 Catone
853 652 989 732 petiisse,
1002 652 1172 733 minutique

199 778 279 837 esso,
299 777 330 818 se
351 757 462 839 aliquid
483 768 587 818 contra
607 777 678 817 eum
698 755 848 835 facturos,
870 756 1170 840 putnpostuiaturos

197 885 216 925 a
236 875 395 948 praetore,
414 865 459 924 uti
478 865 510 924 in
529 865 744 946 possessionem
769 862 919 924 bonorum
939 863 1047 946 pupilli
1067 866 1170 925 mitte-

197 975 310 1025 rentur.
324 962 403 1042 ‘Eis‚
432 983 531 1044 neque
561 963 604 1024 eis
634 960 752 1044 coium,
781 961 834 1022 sod
853 960 1056 1023 creditoribus
1077 966 1168 1025 ctiam

195 1072 283 1154 pueri
302 1070 419 1132 Luculli
440 1069 545 1132 Cicem
565 1081 649 1132 tutor
670 1070 757 1150 (Fin.
778 1070 837 1152 ill,
857 1068 900 1151 a)
919 1071 1093 1153 respondit,
1112 1094 1168 1155 pu·

196 1177 282 1260 pillos
302 1198 366 1239 esse
386 1177 473 1239 solos.
503 1178 578 1238 Mox
598 1176 758 1260 legendum
778 1175 897 1237 videtur
916 1176 1074 1238 Schtttzio:
1101 1180 1166 1240 Nec

195 1284 234 1346 de
253 1283 446 1347 coheredibus
466 1288 563 1347 solum
583 1284 804 1366 Herennianis,
825 1284 1012 1359 sedetiam,
1032 1299 1066 1346 ut
1084 1287 1166 1369 scis,

196 1413 311 1454 mecum
329 1393 387 1473 egit
405 1391 443 1452 de
461 1413 553 1474 puem
574 1392 711 1454 Lucullo.

157 1497 175 1559 3
195 1499 238 1560 Vt
257 1499 366 1560 solutio
386 1520 448 1560 non
467 1510 627 1582 urgeatur,
647 1520 741 1581 quum
762 1500 787 1558 is
807 1508 890 1558 tutor
910 1519 970 1558 non
992 1498 1085 1583 adsit,
1112 1502 1162 1582 qui

196 1628 264 1669 eam
283 1608 441 1688 peumiam
461 1617 598 1667 mutuam
618 1608 723 1668 sumsit
743 1608 774 1666 in
792 1608 859 1666 Asia
871 1604 1029 1688 (Achaiat
1043 1608 1163 1668 Bosim.

156 1712 177 1789 4
196 1712 307 1773 Fecisti
325 1714 435 1773 rectius
454 1711 539 1774 abest
558 1733 577 1772 a
604 1712 705 1775 multis
736 1711 825 1773 libris.
850 1711 974 1773 Addidit
999 1712 1108 1774 Besius
1127 1732 1163 1774 ex

196 1821 318 1880 Decurt
339 1830 369 1880 et
390 1821 533 1880 Tornaes.

155 1923 176 1986 5
197 1923 332 1987 Verbum
352 1938 485 2009 oportere
505 1924 625 1987 delebat
644 1925 826 2006 Lambinu33
852 1924 984 1987 defendit
1005 1926 1111 1988 lunius
1130 1938 1163 1987 ut

194 2031 322 2095 verbum
342 2031 382 2093 ab
402 2053 440 2093 eo
461 2032 589 2112 dictum,
608 2032 693 2115 quod
715 2046 759 2093 est
777 2054 866 2116 opus,
880 2032 1025 2114 quodque
1045 2032 1163 2114 elegen·

195 2150 241 2201 ter
261 2138 342 2223 apud
356 2142 478 2201 Latinos
491 2142 522 2200 in
537 2143 713 2202 coniecturis
733 2143 902 2201 necessariis
921 2151 951 2201 et
965 2140 1162 2202 conclusioni-

193 2247 251 2308 bus
271 2247 413 2330 ponitur,
434 2250 519 2309 utin
538 2247 589 2308 iiio
609 2248 707 2309 Plauti
728 2249 819 2309 Poen.
840 2248 880 2319 V,
901 2267 937 2327 α,
959 2268 1017 2327 70:
1039 2249 1162 2308 &evum

193 2367 219 2416 tc
239 2354 313 2416 esse‘
331 2368 463 2439 oportet,
493 2369 521 2416 ct
546 2376 676 2439 nequam
704 2368 732 2416 et
757 2356 872 2415 molum
885 2354 994 2437 -qui
1023 2354 1160 2416 irrideas.

108 2494 123 2517 x
195 2462 274 2524 Hinc
294 2465 509 2546 interpretare:
542 2477 573 2523 tu
598 2463 631 2523 la
657 2461 826 2547 deiecere,
846 2462 893 2524 vei
913 2462 1039 2542 bisogna
1058 2465 1114 2524 che
1133 2476 1163 2523 tu

194 2571 214 2630 l’
222 2569 322 2632 abbia.

153 2676 175 2739 6
194 2679 275 2755 Quia
294 2678 405 2736 Brutus
425 2697 496 2737 eum
528 2676 759 2758 obiurgaverat,
790 2675 873 2757 quod
906 2678 1058 2736 interitum
1084 2674 1162 2737 filiae

192 2783 311 2844 mollius
331 2785 441 2863 ferret,
472 2805 563 2865 quam
584 2787 681 2844 virum
703 2784 830 2845 deceret.
851 2784 969 2844 Mutua,
1000 2783 1071 2845 Cfer
1092 2804 1161 2844 cum

194 2911 241 2972 ep.
262 2890 409 2971 DLXHI,
430 2890 459 2952 3.

153 3019 172 3078 7
192 2996 248 3078 Ep.
269 2998 427 3076 DXXXV,
448 3017 477 3056 α.

150 3101 172 3165 8
193 3103 342 3164 Hortensii
363 3125 474 3186 avum3
495 3105 563 3166 vide
584 3104 624 3165 ad
644 3126 689 3188 ep.
712 3126 772 3188 seq.
798 3127 821 3165 1.
842 3105 916 3165 Mox
936 3105 1060 3185 corrigit
1080 3117 1162 3166 reete

191 3210 346 3271 Ernestius
366 3213 420 3295 qui
439 3225 500 3272 mm
520 3233 580 3274 uon
596 3227 721 3295 poterut.

150 3339 171 3402 9
191 3320 304 3402 Nepos,
325 3332 359 3381 ut
379 3303 501 3404 opinor,
532 3322 632 3403 Spurii
653 3322 811 3401 Mummii,
838 3341 929 3401 quem
950 3318 1021 3379 dicit
1041 3319 1081 3379 ad
1104 3320 1164 3379 Co-

192 3424 325 3486 rinthum
355 3427 445 3487 fuisse
471 3449 540 3487 cum
561 3427 661 3488 fratre.
682 3427 798 3487 Manu
818 3426 896 3489 Vide
917 3426 955 3487 de
974 3436 1040 3485 tota
1059 3447 1094 3486 re
1116 3448 1162 3508 ep.

193 3553 274 3613 seq.‚
300 3555 311 3593 1
336 3533 530 3615 etDXCV1‚
556 3556 578 3594 ι.

156 3658 191 3699 ιο
213 3639 329 3700 Vocem
349 3656 482 3701 mortuus
502 3641 593 3721 vulgo
613 3643 752 3709 omissam
773 3638 875 3700 addidi
896 3661 933 3699 ex
948 3637 1017 3700 edit
1033 3641 1164 3717 Ascens„

194 3747 387 3808 suadentibus
408 3747 555 3810 Lambino
577 3758 607 3808 et
627 3747 775 3808 Schtitaio.
791 3749 825 3806 ln
837 3747 970 3807 Victorio
987 3757 1031 3807 est
1045 3744 1163 3806 lacuna.

194 3854 270 3914 Nam
289 3876 388 3938 neque
409 3851 560 3927 δυσφημίαν
581 3859 674 3916 vitare
695 3855 821 3915 voluisse
837 3852 981 3915 dicendus
997 3864 1041 3913 est
1055 3854 1164 3914 Cicero

194 3962 224 4022 iu
244 3966 364 4026 nomine
384 3965 501 4045 mortis,
522 3984 584 4046 quo
605 3966 698 4026 utitur
719 3984 765 4045 ep.
780 3963 870 4044 vul,
896 3983 921 4045 1,
934 3973 965 4023 et
984 3964 1164 4044 praesertim
