2648 4822
473 481 512 529 nr
537 479 728 529 srrsrorss
1024 452 1100 566 409

10 565 12 571 ³
140 591 176 642 ut
200 582 299 642 Catius
325 601 393 641 eum
418 583 452 642 iis
479 581 602 642 collatus
628 580 840 641 urbanissimus
866 597 929 645 esse
955 576 1100 650 rideatur,

142 691 279 762 Athenis,
301 691 330 752 in
352 687 427 749 urbe
447 691 536 750 totius
558 689 701 749 Graeciae
718 687 929 747 humanissima
949 695 980 745 et
999 683 1100 747 erudi·

140 799 266 879 tissima3
286 818 333 878 ep.
352 796 483 877 vau,
504 816 538 858 2:
560 796 600 855 In
619 796 690 857 arde
709 816 746 856 ea
765 816 813 868 es,
833 791 970 854 ubinam
988 792 1099 855 stulta

138 906 335 967 reseratione
355 903 518 977 medendis
539 905 622 964 virae.
644 902 758 975 Manat.
807 939 810 945 ,

100 1030 118 1068 a
139 1010 195 1092 Ep
218 1008 310 1070 ΒΧΧ
313 1011 371 1088 ,lp

100 1118 119 1176 3
141 1118 292 1194 Honores,
312 1119 488 1199 provinciae.

99 1225 119 1299 4
140 1225 232 1300 Quod
251 1222 287 1286 fit
305 1225 493 1286 manifestum
519 1221 656 1308 exemplo
681 1223 810 1304 Pansae,
836 1224 890 1306 qui
915 1221 1043 1286 clemens
1068 1182 1100 1288 el

138 1330 250 1412 probus
271 1331 384 1394 Galliae
403 1331 686 1404 administrationem
706 1334 828 1415 aceepit.
852 1332 987 1414 Quarter

98 1437 199 1514 5Qui
219 1459 281 1497 non
300 1449 380 1499 recte
401 1439 522 1521 Epicuri
543 1438 634 1498 verba
661 1449 729 1514 sunt
749 1441 941 1521 interpretati.
972 1432 1099 1500 carrad
1198 1455 1200 1457 '

138 1546 243 1623 Quum
264 1548 342 1610 enim
368 1545 517 1627 Epicurus
543 1543 704 1607 affirmaret
724 1544 908 1628 voluptatem
929 1566 992 1608 esse
1017 1566 1100 1607 sum-

138 1672 221 1711 mum
241 1651 372 1733 bonum,
391 1655 446 1734 ipsi
467 1654 577 1734 opinati
598 1664 679 1729 sunt,
701 1653 868 1714 felicitatem
890 1652 928 1712 ab
943 1674 979 1714 eo
994 1655 1099 1736 reponi

138 1763 168 1821 in
190 1759 342 1821 obscoenis
362 1759 579 1843 voluptatibus,
599 1782 691 1842 quum
715 1771 812 1821 tamen
832 1760 880 1821 ille
895 1760 933 1821 de
946 1760 1098 1844 voluptate

141 1865 325 1950 loqueretur,
345 1889 422 1952 quae
442 1889 512 1928 cum
532 1867 655 1928 honesto
670 1879 699 1928 et
712 1871 821 1928 virtute
843 1871 1039 1948 coniungitur.
1053 1868 1098 1930 Ex

137 1973 215 2034 mola
234 1973 358 2059 Epicuri
377 1974 539 2036 verborum
558 1978 798 2058 interpretatione
818 1976 937 2038 Curtius
956 1979 999 2036 ait
1010 1996 1098 2037 mon·

138 2091 254 2143 struosa
273 2082 490 2165 Epicureorum
512 2080 654 2163 dogmata
674 2094 740 2143 ortn
760 2104 832 2144 csse.
851 2082 928 2144 Vide
941 2083 1045 2145 Senes.
1058 2081 1098 2147 ds

137 2186 236 2249 Const
257 2211 283 2250 c.
309 2187 359 2271 15,
379 2201 410 2250 et
429 2193 557 2259 maxime
578 2189 616 2251 de
636 2189 706 2249 Vita
725 2188 813 2251 besta
835 2211 860 2249 e.
887 2210 930 2250 sn.

97 2293 187 2353 6810
208 2295 311 2355 melius
331 2298 362 2356 in
380 2295 487 2365 Dresd.
515 2315 550 2372 α,
570 2295 695 2358 Victorii
716 2307 746 2355 et
765 2295 892 2356 Manutii
916 2294 997 2355 libris
1022 2295 1098 2376 legi·

138 2411 203 2483 tur,
223 2421 313 2482 quam
328 2413 362 2462 ut
375 2401 457 2484 opud
471 2402 587 2464 Emest.
600 2424 621 2463 a
634 2402 728 2464 robis
748 2401 816 2463 seit
835 2423 858 2464 a
875 2402 956 2463 vobis
974 2401 1099 2485 Epimni

138 2507 246 2590 placitu
267 2507 466 2570 irridentibus.

99 2638 116 2695 7
139 2616 193 2699 Ep.
214 2617 318 2699 Dxx,
339 2637 366 2676 a.
392 2614 481 2676 Curius
501 2613 644 2675 iudicium
660 2616 790 2697 probare
812 2614 996 2697 debeam,
989 2617 1098 2698 ironis,

137 2735 170 2783 ut
191 2735 221 2785 et
239 2725 315 2784 infra
334 2725 417 2784 cuius
436 2745 488 2805 ego
509 2737 630 2784 mortem
650 2734 707 2785 etc.

96 2830 116 2891 8
136 2832 179 2891 Ne
200 2843 313 2892 erraret
326 2835 356 2892 in
370 2831 501 2914 delectu,
522 2835 622 2892 omnia
641 2832 721 2891 bona
741 2834 852 2892 sumsit
873 2830 964 2893 Ludit
984 2834 1014 2893 in
1033 2852 1097 2892 am·

137 2939 227 3021 bigne
247 2938 389 3000 bonorum
410 2938 629 3020 significatione.
648 2940 724 2998 Nam
744 2938 912 3021 philosophi
928 2938 1096 3000 desummo

137 3048 217 3108 bono
238 3046 442 3129 disputabunt;
464 3047 547 3108 Sulla
567 3067 638 3107 vero
659 3047 911 3130 Pompeianorum
930 3045 1010 3107 bons
1029 3066 1097 3106 onr-
1199 3084 1204 3098 ι

138 3158 201 3238 nia,
222 3177 317 3237 quum
332 3157 362 3214 in
375 3158 511 3216 auctione
525 3154 739 3235 venderentur,
759 3156 875 3216 coemit
895 3154 1010 3216 Manae
1030 3153 1097 3216 Non

137 3265 301 3322 necessario
321 3261 426 3321 Lamb.
448 3260 502 3321 sed
520 3283 548 3322 o.
569 3261 596 3320 b.
617 3282 642 3321 c.

97 3388 118 3447 9
138 3371 251 3450 Arguta
271 3373 301 3429 in
320 3372 422 3451 primis
436 3380 466 3429 et
480 3368 582 3430 festiva
596 3372 746 3430 sententia
765 3372 845 3452 Lege
858 3369 1002 3452 Pompeia
1016 3368 1098 3441 darn·

139 3487 221 3537 natos
235 3479 402 3538 restituerat
415 3477 540 3555 Caesar,
554 3489 588 3538 ut
602 3476 727 3557 legimus
740 3478 821 3560 apud
835 3497 904 3537 eum
918 3476 951 3536 B.
966 3474 1027 3536 Cir.
1040 3474 1097 3554 ΠΙ,

143 3603 165 3640 ι.
188 3583 254 3644 Hoc
280 3584 404 3646 latenter
430 3583 547 3644 Cassius
575 3596 672 3645 notat:
699 3606 794 3666 quum
818 3596 917 3645 tamen
938 3583 976 3644 de
996 3585 1031 3643 iis
1050 3581 1097 3641 lo-

138 3700 263 3768 quatur,
283 3712 358 3771 quos
378 3692 488 3753 Caesar
508 3692 547 3751 od
562 3696 703 3754 sectiones
718 3692 882 3774 faciendos,
902 3690 1037 3752 nehesta
1050 3711 1097 3750 re·

138 3793 306 3873 frigesceret
326 3804 388 3881 (ep.
409 3802 510 3860 DXlX
530 3801 637 3882 extu),
658 3800 758 3862 Sullae
778 3811 899 3861 mortuo
920 3798 1097 3858 suffecturus

137 3914 220 3962 esset.
240 3905 326 3965 locus
346 3918 389 3966 est
410 3911 439 3966 in
459 3908 551 3970 verbo
571 3911 718 3981 restituat,
741 3907 883 3988 ambigua
907 3903 1096 3985 significatio-

136 4032 187 4091 ne,
205 4010 245 4072 ad
264 4015 407 4077 maiorem
429 4014 561 4078 Caessns
581 4015 799 4080 contumeliam.
820 4013 935 4078 Manus
