2648 4822
160 393 234 488 344
486 413 657 461 nrsrou
685 413 854 460 ocxmrn
941 413 975 460 a.
989 414 1026 461 v.
1042 413 1073 460 c.
1090 410 1138 472 pt

158 519 198 589 in
221 514 462 587 Tuscrrlanum
487 540 672 586 recurram
696 515 756 585 Me
772 514 867 583 enim
883 511 1029 584 absente
1045 515 1162 586 omnia

161 667 244 715 cnm
266 639 336 712 illis
355 642 384 690 ¹³
410 641 554 736 transigi
580 638 683 711 malo
702 639 749 728 Q.
765 638 881 709 fratris
905 635 1094 735 epistolam
1117 635 1163 708 ad

160 782 197 840 te
220 767 320 862 misi,
344 790 418 836 non
443 766 528 836 satis
552 764 704 835 humane
729 762 825 833 illam
851 761 993 862 quidem
1019 786 1162 860 respon-

160 891 304 965 dentem
329 893 417 961 meis
440 889 566 985 literis,
592 889 656 961 sed
673 903 791 960 tamen
809 887 906 988 quod
923 887 986 958 tihi
1003 890 1088 959 satis
1104 890 1163 981 sit,

158 1030 201 1089 nt
224 1014 389 1116 equidem
414 1016 585 1086 existimo.
611 1014 668 1085 Tu
695 1012 841 1086 ridebis.

537 1263 782 1337 DCXXXW·
871 1305 925 1361 (aa
940 1305 992 1350 arr.
1008 1305 1077 1362 xro,
1091 1309 1138 1359 ψ)

157 1447 379 1521 Argwnentum
404 1463 416 1501 1
439 1443 486 1501 De
506 1442 621 1523 laeptae
641 1440 824 1510 hereditate,
844 1459 864 1500 a
884 1451 915 1500 et
933 1440 972 1501 de
993 1440 1163 1501 laudatione

197 1549 334 1608 Porciae

223 1749 277 1802 Sa.
295 1751 322 1801 in
339 1748 487 1801 Tusculano
507 1751 538 1798 Δ.
557 1749 591 1802 V.
608 1749 638 1801 C.
657 1750 912 1818 Dccv111‚ueme
927 1751 998 1822 Sept.
1016 1753 1104 1804 incon.

473 1946 620 2010 CICERO
644 1946 796 2011 amco
822 1948 852 2011 S,

212 2135 326 2208 1Heri
340 2150 351 2184 ¹
370 2136 490 2207 neseio
508 2134 595 2235 quid
611 2136 648 2206 in
665 2136 815 2233 strepitu
832 2136 957 2208 videor
973 2135 1166 2236 exaudisse,

112 2258 115 2263 ’
157 2288 267 2366 quum
293 2261 444 2360 diceres,
462 2274 498 2333 te
515 2263 553 2334 in
569 2259 812 2335 Tusculanum
835 2275 1039 2334 venturum:
1067 2261 1165 2363 quod

157 2391 310 2462 utinaml
336 2389 465 2461 iterum
489 2389 641 2460 utinam!
666 2400 728 2458 tuo
748 2396 867 2457 tamen
884 2386 1083 2459 commodo.
1100 2388 1164 2458 Le

155 2529 217 2614 pta
243 2541 300 2586 me
327 2528 445 2613 rogat,
477 2528 533 2610 ut,
565 2512 594 2584 si
628 2511 714 2611 quid
740 2511 808 2583 sibi
832 2537 923 2611 opus
948 2513 1016 2609 sit,
1041 2538 1164 2585 accur-

155 2666 240 2712 ram.
267 2641 428 2711 Mortuus
454 2640 549 2709 enim
569 2653 584 2685 ²
607 2636 799 2710 Babullius.
836 2638 985 2733 Caesar,
1018 2638 1165 2735 opinor,

155 2790 198 2835 ex
223 2766 366 2859 uncia³;
390 2764 455 2834 etsi
479 2762 568 2833 nihil
594 2762 725 2833 adhuc:
752 2762 815 2834 sed
831 2766 945 2860 Lepta
966 2787 1010 2832 ex
1029 2764 1162 2834 triente.

154 2880 462 2984 veretur‘autem,
479 2913 524 2958 ne
542 2911 614 2958 non
639 2887 745 2959 liceat
770 2902 888 2959 tenere
915 2887 1164 2984 hereditatem,

152 3017 267 3105 aleym
294 3014 455 3109 omnino,
493 3012 556 3084 sed
594 3026 734 3085 veretur
770 3027 898 3085 tamen.
932 3014 966 3084 Is
1003 3014 1108 3109 igitur
1133 3014 1163 3083 si

153 3138 308 3234 accierit,
339 3163 536 3234 accurram,
570 3140 625 3210 sin
651 3139 784 3235 minus,
817 3137 948 3209 haudl
973 3151 1162 3238 antequam

150 3263 395 3362 necessejerit
421 3263 479 3333 Tu
504 3263 674 3335 Pollicem
692 3266 718 3361 ⁵,
746 3290 854 3364 quum
880 3265 1025 3362 poteris.

200 3419 222 3464 2
248 3389 508 3462 Laudationem
533 3391 716 3463 Porciae⁶
743 3389 808 3460 tibi
839 3390 919 3460 misi
944 3402 1162 3484 correctam,

151 3541 192 3586 ao
218 3540 261 3585 eo
287 3515 500 3613 properavi,
532 3528 594 3612 ut,
628 3516 659 3586 si
692 3515 782 3587 sorte
808 3528 870 3586 aut
894 3515 1039 3586 Domitii
1067 3512 1162 3608 lilio,

151 3652 212 3709 aut
235 3640 348 3711 Bruto
373 3640 589 3738 mitteretur,
615 3639 703 3712 haec
729 3641 933 3713 mitteretur.
959 3638 1017 3735 ld,
1041 3639 1071 3709 si
1097 3637 1163 3709 tihi

153 3766 219 3836 erit
244 3764 482 3860 commodum,
512 3792 725 3865 magnopere
745 3791 843 3837 cures
862 3764 983 3836 velim:
1001 3778 1037 3835 et
1055 3762 1161 3835 velim

152 3889 199 3960 Μ.
226 3888 396 3963 Varronis
423 3904 458 3962 et
483 3889 586 3962 Lollii
612 3894 730 3965 mittas
758 3889 996 3964 laudationem
1011 3909 1036 3984 ⁷3
1054 3887 1161 3961 Lollii
