2648 4822
244 434 319 530 446
613 451 885 503 anuortrroucs

248 558 284 623 18
305 561 354 619 Sic
378 557 488 618 sehuu
515 567 545 617 et
570 556 592 615 1.
615 555 652 618 V.
681 555 813 616 Clericus
839 577 873 616 ex
899 559 1039 639 ingeni03
1068 557 1164 637 urigo
1197 572 1265 628 est,-

283 665 448 727 Lambinus
469 676 632 746 utrumque
652 666 758 725 omisit.

247 795 284 860 19
304 776 451 836 Graevius
470 773 531 833 nisi
549 774 605 833 hoc
623 774 718 855 peius.
739 773 813 832 Mox
832 773 922 846 baec,
944 793 1023 854 quae
1043 772 1106 832 scil.
1124 773 1263 854 patimur

283 886 390 944 amissa
409 904 443 943 re
463 880 547 964 publ.

241 1011 281 1053 20
301 990 362 1051 Zel.
383 1001 526 1070 uterque,
546 989 617 1048 Rec.
640 987 709 1049 edd.
729 1009 774 1070 pr.
796 998 827 1049 et
846 986 1009 1048 Lambinus
1029 985 1226 1070 oppidorum.

240 1118 277 1159 αι
300 1098 349 1159 Ad
368 1119 415 1180 ep.
437 1096 669 1178 cDxxxvul,
689 1105 751 1156 not.
773 1095 804 1156 6.

238 1226 278 1267 aa
300 1206 350 1266 Sic
369 1226 474 1266 omnes
494 1203 620 1264 Ambbr.
645 1204 714 1266 alii:
737 1204 827 1264 ctiam
845 1205 886 1264 ab
908 1205 988 1264 hisce
1007 1217 1039 1263 tu
1058 1204 1157 1264 rebus.
1182 1204 1258 1263 Mox

276 1334 316 1374 ac
336 1314 541 1394 cogitationem
561 1312 655 1373 edidit
675 1315 735 1371 iam
756 1311 936 1394 Lambinus3
957 1334 1048 1394 quern
1069 1318 1257 1374 recentiores

276 1425 366 1483 tacite
386 1433 561 1504 sequuntur.
582 1421 684 1501 Vulgo
705 1432 736 1482 et
756 1420 824 1480 libri
849 1424 949 1503 scripti
968 1420 1015 1481 ad
1031 1422 1257 1502 cogitationem.

236 1531 275 1590 23
296 1531 417 1590 Stetisse
431 1529 578 1611 quamdiu
591 1550 638 1589 res
651 1528 733 1610 publ.
749 1533 836 1590 stetit.
852 1530 886 1589 In
897 1528 1015 1589 duobus
1025 1527 1153 1590 Ambbr.
1166 1532 1256 1590 omit·

276 1640 349 1699 titur
359 1637 469 1719 fuisse.
491 1637 647 1697 Schiitzius
668 1659 704 1696 ex
727 1637 1010 1719 ingeniostomisse.

236 1746 277 1823 24
297 1746 383 1804 Hane
403 1744 444 1805 ob
470 1766 606 1826 causam,
633 1745 716 1825 quod
743 1749 803 1804 vitu
830 1768 911 1806 nune
937 1747 1102 1805 excesserit
1131 1745 1251 1806 Monet.

275 1855 374 1936 Supra
394 1854 454 1914 zet.
476 1854 499 1912 B
519 1868 573 1914 aut
592 1867 640 1926 tu,
660 1867 714 1914 aut
734 1855 806 1925 itta‚·
835 1854 911 1914 infra
938 1853 1024 1914 codd.
1051 1853 1116 1914 fere
1144 1874 1252 1914 omnes

273 1965 358 2047 queri
374 1962 485 2047 possis.
507 1962 663 2022 Sebtitzius
684 1984 754 2022 cum
775 1963 1044 2042 Martyui-Laguna
1063 1984 1094 2044 q.
1113 1965 1222 2044 possit.

233 2069 274 2133 25
293 2069 373 2134 Edd⁴
395 2093 439 2154 pr.
461 2092 532 2130 cum
551 2070 658 2131 Lamb.
680 2071 872 2130 cornueoeris.

233 2177 275 2240 26
298 2178 344 2240 Tu
358 2192 385 2241 te
398 2180 553 2239 insititium
574 2181 690 2261 putavit
710 2178 879 2262 Ernestius,
900 2190 929 2238 et
949 2181 1114 2238 omiserunt
1134 2179 1251 2254 Marty-

271 2287 440 2367 m-Lnguna
460 2298 490 2348 et
514 2286 679 2366 Scbtitzius
706 2288 788 2347 Tum
815 2308 853 2346 ea
878 2287 1026 2347 omittitur
1045 2306 1064 2344 a
1085 2285 1189 2346 multis
1215 2284 1250 2345 li·

272 2393 348 2478 bris3
369 2395 430 2455 Zel.
452 2395 476 2456 B
496 2397 590 2470 soles,
613 2411 645 2456 tu
665 2396 726 2456 tibi.

231 2522 269 2584 27
291 2504 471 2586 Lambinus,
492 2514 523 2564 et
543 2507 699 2564 novissime
726 2503 905 2583 Mart-Lag.
928 2514 958 2564 et
978 2502 1151 2564 Scbtitzius:
1173 2502 1246 2562 Hoc

270 2624 288 2671 t.
310 2633 335 2672 e.
357 2626 484 2693 tempus,
506 2634 544 2671 ac
564 2634 624 2672 non
650 2614 679 2670 ei
703 2613 747 2671 rei
766 2648 808 2657 -
827 2632 993 2684 occurrere,
1014 2609 1067 2671 tibi
1087 2625 1173 2693 turpe
1194 2629 1245 2673 est.

269 2720 385 2779 Rursus
401 2718 487 2778 multi
502 2719 568 2778 iibri
585 2741 646 2780 non
666 2732 831 2798 agnoscunt
851 2721 895 2780 rei
901 2744 912 2792 3
934 2720 1017 2802 quod
1037 2720 1244 2801 pinetulerim.

230 2823 269 2886 28
290 2828 371 2904 Quia
392 2826 571 2886 dubitabant
591 2839 721 2908 veteres,
742 2849 781 2886 an
799 2849 901 2888 sensus
920 2849 1023 2888 rerum
1037 2827 1246 2890 humanarum

270 2933 309 2993 ad
331 2934 488 2995 defunctos
508 2938 684 3016 perveniret
707 2937 860 2996 Ritterhus.
883 2937 978 2997 Immo
1000 2957 1120 2998 sensum
1142 2951 1174 3001 et
1195 2963 1245 3002 eu·

268 3063 332 3099 ram
356 3063 457 3101 rerum
478 3055 647 3102 nostrarum
662 3044 761 3103 inferis
774 3044 878 3128 fuisse,
893 3046 994 3129 plures
1008 3057 1146 3108 veterum
1163 3053 1246 3110 eviu-

268 3161 346 3208 cuut.
369 3151 509 3231 Virgilius
530 3155 602 3210 Aen.
625 3152 682 3231 Vl,
706 3175 731 3212 v.
754 3151 830 3214 653:

398 3360 640 3376 ..........
661 3344 727 3394 quae
745 3329 826 3394 gratia
844 3346 950 3379 currum

396 3419 586 3488 Armorumque
605 3417 654 3469 fuit
673 3420 749 3485 viris,
769 3440 835 3492 quae
853 3442 913 3474 cura
932 3428 1045 3475 nitentes

396 3511 501 3563 Pascere
520 3530 615 3582 equos,
634 3513 722 3565 eadem
742 3518 859 3586 sequitur
877 3519 972 3569 tellure
990 3527 1117 3586 repostos.

264 3672 353 3732 ovid.
375 3673 497 3734 Metam.
519 3675 571 3756 lv,
592 3676 654 3751 4474
676 3678 814 3738 eamdem
835 3679 1161 3763 veterurnssdoctrinam
1179 3698 1246 3747 tau·

264 3783 319 3860 gir,
340 3801 417 3862 quae
439 3785 499 3862 agit
521 3781 558 3842 de
580 3783 752 3866 affectibus,
773 3790 825 3868 qui
845 3800 982 3847 mortuos
1003 3792 1201 3854 comitantur:

397 3917 510 3986 Parsque
528 3918 611 3970 sorum
630 3920 762 3972 celebrant
781 3958 1051 3976 ...........

397 4009 459 4062 Para
476 4011 537 4064 alias
554 4024 637 4081 artes,
655 4016 762 4087 antiqua
780 4017 922 4070 imitamina
942 4020 1019 4076 vitae.
