2648 4822
476 423 513 468 m
539 417 729 471 antsroata
1035 398 1107 502 527

136 527 238 604 viana,
259 523 359 602 arguit
374 519 527 580 Manutius
541 542 579 581 ex
592 541 645 599 eo,
664 517 748 602 quod
764 519 869 580 Cicero
884 521 984 583 infert:
1006 523 1054 583 De
1068 559 1110 571 -

137 630 266 713 Effratio
287 630 362 689 scire
379 629 509 711 poteris,
530 650 620 712 quern
642 625 839 689 coheredibus
853 628 1019 690 Brinnianis
1032 633 1108 692 aml-

136 760 205 799 cum
227 747 257 797 et
276 735 452 796 familiarem
472 722 711 797 fuisse'ostendit
732 738 816 818 epist.
837 735 990 796 Dcxxx.

97 869 115 928 7
137 844 288 907 ABaebio
302 846 428 928 poteris,
443 855 473 905 et
486 844 525 905 ab
537 843 718 925 -Egnatio
731 845 822 924 scire,
843 852 877 903 ut
895 865 941 927 ep.
954 843 1107 906 DCXXX.

95 951 298 1031 dllimirum,
319 950 448 1011 hortaris
467 949 621 1011 hominem
642 952 701 1010 iam
723 947 879 1011 volentem.

95 1081 117 1144 9
136 1060 178 1122 Vt
198 1080 287 1142 agam
308 1056 346 1119 de
367 1062 431 1119 eius
452 1079 576 1119 recum
597 1055 771 1140 Dolabella,
793 1078 860 1140 epp.
882 1057 1025 1141 DCXlll,
1045 1077 1062 1118 a
1079 1069 1112 1120 et
1242 1079 1246 1083 ’

136 1167 220 1247 DCI,
246 1189 271 1228 1.
292 1165 412 1227 Manat.

101 1296 136 1336 ro
156 1276 198 1336 Vt
218 1274 387 1336 Cretionem
410 1273 507 1334 Cluvii
527 1272 686 1334 Puteolani
707 1272 772 1355 (ep.
800 1272 989 1352 CCXXXI),
1009 1284 1040 1336 et
1059 1295 1110 1333 ra-

136 1386 246 1443 tionem
269 1383 435 1443 testamenti
456 1399 686 1464 cognoscerem3
707 1402 754 1463 ep.
775 1402 836 1463 seq.
858 1401 887 1442 a.
909 1381 1026 1442 Mamu.

101 1512 132 1550 11
157 1491 199 1551 Vt
218 1489 426 1549 advenientem
446 1487 607 1550 Caesarem
624 1510 746 1583 possem
768 1492 915 1572 excipere.
936 1487 1033 1550 Ideni.

102 1618 135 1657 ια
158 1597 263 1658 Cluvii.
286 1595 382 1658 Idem.

101 1706 136 1765 13
158 1704 372 1765 Coheredibus
393 1704 490 1766 Idem.

101 1812 138 1889 14
156 1813 257 1892 Facti,
284 1811 337 1874 sed
357 1833 419 1873 non
445 1815 559 1894 signati.
587 1814 678 1890 Quae
703 1823 886 1896 sequuntur,
913 1816 1006 1874 sicin
1026 1813 1108 1874 libris

136 1920 275 1980 omnibus
288 1920 389 2005 paullo
402 1921 619 2004 antiquioribus
632 1921 825 2002 legebantur:
840 1923 1008 1983 auctionem
1018 1944 1109 2005 prae·

136 2043 180 2088 ter
195 2028 334 2111 praedm.
355 2029 516 2110 vulgatam
539 2029 630 2091 hodie
647 2032 906 2111 transpositionem
925 2030 1109 2113 Malaspinae

52 2221 56 2227 ἡ
136 2137 296 2221 debemus,
315 2140 384 2198 viris
405 2137 499 2198 doctis
520 2138 560 2197 ad
580 2159 676 2198 unum
697 2136 957 2198 consentientibus.

102 2243 137 2304 15
157 2245 199 2305 Vt
219 2267 265 2328 ep.
288 2267 364 2327 aeq„
379 2266 396 2305 2
411 2244 584 2306 mittendwn
596 2259 659 2317 est,·
680 2245 765 2327 quod
780 2249 839 2305 iam
852 2244 1006 2306 Corradus
1019 2244 1109 2329 vidit3

137 2374 196 2414 non
215 2353 375 2436 eligendus.

102 2459 138 2521 16
158 2462 220 2539 Qui
239 2460 425 2523 Puteolanus
445 2471 525 2541 erat,
546 2472 578 2522 et
597 2461 657 2522 hoc
678 2472 814 2544 tempore
835 2464 866 2521 in
886 2462 991 2544 patria
1006 2459 1109 2527 Verba

137 2590 189 2630 nec
208 2571 302 2630 nostri
321 2569 530 2631 studiosiorem
555 2568 671 2630 addidit
696 2570 801 2631 Bosius
827 2590 862 2631 ex
886 2571 947 2630 suis
972 2569 1058 2631 scidis
1079 2580 1109 2632 et

138 2697 205 2737 mss.
227 2678 371 2739 Tornaes.
393 2689 423 2739 et
444 2676 568 2739 Crusell.
695 2747 696 2752 ἵ

104 2805 137 2865 17
159 2785 227 2846 Scil.
249 2788 396 2870 scripsisse
417 2787 457 2846 ad
476 2786 664 2869 Vestorium,
684 2788 759 2867 quin
778 2789 840 2868 ipse
861 2785 1003 2846 Puteolos
1025 2806 1108 2868 eam,

139 2904 173 2954 ut
198 2893 350 2955 Manutius
377 2895 521 2978 explanat.
548 2895 582 2954 In
609 2916 655 2977 ep.
676 2915 736 2977 seq.
759 2914 793 2954 a:
814 2915 833 2954 ο
859 2894 1029 2955 Vestorium
1055 2916 1108 2955 ne-

136 3002 298 3083 gligentem.

104 3104 138 3168 18
160 3109 221 3186 Qui
241 3119 373 3168 nostram
394 3130 460 3169 rem
479 3130 542 3169 non
561 3130 702 3190 agamus,
723 3109 808 3174 alteri
829 3109 1013 3171 mandantes.
1034 3109 1109 3173 Man

137 3229 196 3276 reat.
219 3215 317 3299 Supra
338 3215 385 3275 ed.
406 3216 463 3276 llo.
482 3217 588 3298 pungit
606 3237 669 3297 me,
689 3238 735 3277 ne.

523 3456 691 3518 Dcxxlx

105 3665 113 3708 t
140 3645 273 3726 Scilicet,
294 3647 426 3730 dixerat,
446 3665 478 3708 ae
501 3646 667 3708 affuturum
688 3647 726 3708 ad
749 3647 808 3730 1d.;
824 3649 862 3707 ita
878 3657 978 3707 tamen
994 3659 1112 3729 praesto

140 3755 211 3834 luit,
231 3766 266 3816 ut
285 3755 361 3839 prid.
390 3755 433 3817 ld.
454 3756 578 3818 adesset.
601 3757 758 3818 Sebiltzius
780 3754 871 3816 verba
891 3754 936 3816 ad
955 3754 1004 3814 ld.
1025 3755 1111 3827 Sere,

141 3861 220 3923 delet
244 3875 398 3947 tamquam
419 3888 436 3933 a
458 3866 565 3948 glossa.
592 3868 639 3928 De
665 3865 811 3953 particula
838 3867 879 3925 im
907 3864 973 3927 vide
1000 3865 1039 3934 ad
1064 3888 1112 3960 ep..

145 3971 305 4053 uxxvll,
331 3995 353 4036 ι.
