2648 4822
251 421 323 497 502
618 436 892 490 suuortrroum

249 548 270 624 4
291 547 451 607 messere
472 554 516 603 est
535 545 666 625 priorem
687 541 801 624 aliquid
822 543 940 601 mittere
954 560 989 600 ac
1003 539 1164 623 dedicare3
1186 542 1265 624 quod

290 663 371 714 recte
384 651 459 714 vidit
475 651 641 728 Manutius,
662 661 697 710 ut
715 650 746 708 in
767 669 834 732 epp.
854 647 1047 709 DCCCXXll
1069 645 1130 709 sub
1152 650 1215 711 init
1235 661 1263 711 et

290 760 488 821 DCCCLVll.
514 756 620 818 Graev.

249 868 269 930 5
289 865 409 928 Lamo:
433 865 528 948 Quem
547 873 722 952 ζηλοτυπεῖν,
740 863 863 924 Brutum
878 883 952 936 uon,
965 862 1058 922 nocuo
1072 861 1119 923 Η.
1133 885 1176 924 m.
1189 863 1264 942 Sed,

289 997 367 1058 quae
389 973 527 1055 deerant,
549 970 696 1053 supplevit
717 992 754 1059 ex
777 972 900 1030 Decurt
921 970 1044 1052 Bosius3
1065 969 1103 1029 cf.
1126 991 1200 1034 cum
1220 993 1264 1055 ep,

287 1081 382 1160 DCV,
407 1103 431 1141 1.
454 1080 614 1141 llortensio
636 1079 704 1160 (qui
725 1075 783 1138 hoc
803 1089 940 1161 tempore
955 1079 1015 1137 iam
1029 1088 1174 1139 mortuus
1186 1083 1265 1155 erat)

288 1192 476 1272 inscripserat
497 1187 651 1267 dialogum
672 1185 711 1247 de
737 1185 951 1270 Philosophia,
977 1205 1113 1268 erantque
1138 1185 1264 1270 loquen-

288 1309 349 1360 tem
370 1297 538 1358 induxerat
558 1295 704 1376 Dialogus
725 1293 883 1356 intercidit

247 1405 268 1466 6
290 1406 356 1466 Hoc
377 1415 435 1482 est,
456 1406 553 1485 quiin
568 1403 650 1463 libris
671 1402 709 1463 de
729 1404 775 1463 Re
793 1400 866 1483 pub.
880 1400 1037 1483 loquentes
1057 1401 1263 1479 inducuntur,

287 1525 322 1574 ut
335 1513 446 1596 Scipio,
465 1511 598 1591 Laelius,
612 1509 751 1572 Manilius
765 1511 847 1593 (epp.
862 1506 998 1587 CXLIX,
1012 1528 1032 1568 a
1047 1520 1079 1570 et
1093 1509 1203 1584 CLIV,
1221 1508 1263 1586 il,

288 1623 341 1702 qui
363 1638 467 1680 omnes
482 1620 543 1680 vita
558 1621 617 1679 iam
633 1617 726 1680 iirncti
741 1628 841 1696 erant,
860 1616 991 1698 ideoque
1005 1616 1093 1678 extra
1107 1617 1263 1697 iuvidiam;

288 1747 335 1809 ep.
357 1745 418 1808 seq.
440 1727 468 1786 3.
569 1744 571 1746 ’

248 1854 265 1913 7
290 1831 336 1892 td
356 1831 524 1893 Varronem
546 1840 677 1913 quatuor
696 1824 789 1892 libros
812 1829 1012 1891 Academicos.

698 2098 806 2160 Dcxt.

248 2283 258 2322 ι
283 2261 340 2346 Ep.
362 2263 471 2346 DClV,
493 2281 521 2322 a.

244 2392 262 2432 π
283 2371 361 2432 Eam
382 2374 479 2432 statim
502 2372 612 2454 aperit,
632 2391 686 2450 ne,
704 2370 831 2451 scilicet,
844 2369 997 2431 videretur
1011 2377 1186 2454 φιλένδοξος,
1203 2373 1259 2433 hoc

283 2487 344 2557 est,
364 2477 541 2540 andimus
561 2487 591 2537 et
612 2475 772 2539 illustrium
792 2478 925 2537 virorum
947 2471 1073 2557 gratiam
1098 2479 1259 2561 adpetens,

284 2588 346 2646 sive
371 2606 479 2666 magna
506 2603 703 2668 personarum
728 2586 849 2645 nomina
874 2587 905 2644 in
932 2584 1056 2666 dialogis
1082 2589 1144 2646 suis
1171 2585 1258 2646 iudu-

284 2692 397 2772 cendo,
411 2706 446 2754 ut
459 2691 595 2770 Catulos,
615 2691 774 2775 Lucullos,
787 2690 972 2774 Varronem,
991 2693 1167 2754 Africanum
1187 2705 1258 2774 etc,

283 2802 344 2860 sive
364 2799 445 2860 hunc
467 2800 620 2879 dialogum
636 2800 765 2860 Varroni
787 2800 989 2881 inscribendo,
1011 2803 1127 2861 etiamsi
1146 2800 1187 2861 ab
1208 2802 1257 2862 illo

283 2913 526 2990 mloypoepoetrp
545 2906 632 2966 nullis
660 2904 750 2967 luent
776 2910 890 2990 scriptis
917 2909 1089 2989 lacessitus,
1117 2928 1165 2992 ep.
1191 2930 1255 2993 sup.

282 3023 312 3071 et
325 3012 475 3073 DCXVll.
497 3014 562 3073 Nou
577 3035 613 3073 eo
629 3013 796 3096 fugiebam,
816 3016 858 3074 M.
872 3015 1041 3077 Varronem
1060 3018 1091 3076 in
1104 3019 1179 3078 meis
1194 3017 1256 3077 dia-

282 3118 356 3198 logis
389 3119 549 3196 iuducerc,
581 3122 665 3203 quod
693 3125 828 3182 timerem
856 3145 993 3183 rumores
1020 3123 1179 3184 hominum
1208 3146 1256 3185 me

281 3232 435 3310 φιλὲνδοξον
451 3250 514 3288 esse
529 3230 737 3312 clamantium,
758 3231 811 3291 sed
829 3234 900 3313 quia
913 3243 1089 3312 statueram,
1102 3236 1254 3293 neminem

280 3335 433 3396 includere
455 3336 485 3395 in
508 3336 630 3418 dialogis
645 3358 768 3420 eorum,
789 3342 840 3419 qui
863 3341 1012 3421 viverent,
1029 3349 1064 3398 ut
1078 3338 1133 3398 leci
1150 3341 1254 3401 iamin

278 3463 326 3502 sex
341 3441 378 3502 de
392 3443 437 3503 Re
452 3442 549 3525 publ,
571 3456 600 3503 et
622 3444 717 3504 tribus
733 3445 770 3505 dc
785 3446 914 3505 Oratore
929 3445 1019 3506 libris.
1042 3445 1142 3528 Nunc,
1157 3468 1254 3528 quum

277 3559 311 3609 tu
333 3548 460 3629 suibus,
481 3550 650 3611 Varronem
672 3552 857 3635 desiderare,
878 3564 1010 3635 quatuor
1030 3552 1123 3613 libros
1138 3554 1256 3614 Acade·

278 3657 372 3717 miros
392 3657 513 3719 confeci.

238 3763 257 3822 3
270 3765 389 3826 decedo
399 3765 537 3827 Manutio
546 3767 722 3850 coniicienti,
733 3766 807 3828 haec
817 3766 908 3828 verba
918 3768 1253 3829 academicamomnem

280 3874 482 3952 quaestionem
503 3874 585 3935 libris
600 3888 730 3957 quotuor
743 3887 812 3936 nata
826 3895 889 3937 esse
904 3897 941 3937 ex
957 3878 1149 3938 annotatione
1161 3897 1252 3960 supe-

177 4013 184 4029 ·
279 3999 365 4041 rioms
386 3995 434 4046 τοῦ
455 4003 515 4044 eos.
