2648 4822
516 481 552 526 us
576 475 769 525 arirrous
1072 451 1144 548 435

143 583 177 642 ι3
198 584 312 663 Nempe
332 581 506 641 Castricium
527 578 677 640 abducere
699 581 844 661 mancipia
865 599 927 640 uta.

143 692 179 768 14
200 691 255 772 Ep.
277 690 406 765 DXLll,
428 689 455 748 3.
478 687 698 768 Nuu'gutunu,
720 687 758 746 ab
786 689 871 748 litore
898 687 1008 749 scilcet
1030 687 1144 751 Romae

178 801 316 882 proximo
329 797 444 858 solvens
463 799 560 857 iturus
573 799 604 855 in
618 796 761 877 Africam,
781 817 842 857 uou
861 798 919 856 iter
937 796 1071 858 facturus
1090 817 1146 881 per

178 907 315 966 Siciliam.

142 1014 177 1077 15
199 1014 338 1075 Cornelio
363 1013 538 1074 Dolabellae
564 1013 626 1073 duo
654 1013 776 1073 fuerunt
796 1015 990 1095 cognomina,
1016 1013 1144 1074 alterum

177 1125 310 1201 Lentuli,
331 1123 457 1182 alterum
479 1122 666 1183 Dolabellae.
687 1121 760 1183 Ideo
780 1122 882 1181 scribit
900 1121 1080 1182 Plutarchus
1094 1121 1144 1204 (iu

177 1231 271 1291 Cicer.
286 1253 353 1314 pag.
368 1229 459 1314 882),
480 1231 611 1290 Tulliam
623 1230 705 1313 apud
720 1231 875 1292 Lemnum
895 1231 986 1313 (παρὰ
998 1231 1143 1308 Διπύλῳ)

176 1343 274 1399 virum
295 1360 333 1399 ex
353 1350 443 1421 partu
463 1337 620 1399 decessisse
641 1338 697 1418 (ad
718 1361 763 1422 ep.
784 1337 961 1421 must
982 1337 1056 1398 Erat
1068 1357 1143 1416 crgo

174 1447 223 1506 hic
244 1445 388 1506 Lentulus
408 1445 486 1506 filius
509 1445 684 1508 Dolabellae
705 1458 736 1507 et
756 1447 890 1525 Tulliae,
910 1449 961 1528 qui
982 1449 1071 1506 matri
1091 1467 1142 1521 su·

175 1566 288 1638 perstes
315 1555 426 1631 suerat,
451 1576 542 1636 quem
568 1577 658 1640 supra
678 1555 746 1639 (ep.
773 1553 1012 1637 Dxxxt11,8)
1037 1554 1143 1616 Cicero

176 1674 315 1745 nepotem
337 1663 474 1746 appellat
495 1666 614 1724 Bosius,
636 1667 735 1725 Minus
752 1675 848 1746 recte,
870 1661 1020 1724 necunde
1035 1662 1143 1746 duplex

174 1791 340 1850 cognomen
361 1770 449 1831 luisse
469 1770 642 1832 Dolabellae
655 1772 804 1852 hauserit,
823 1771 929 1832 Rosius
943 1773 1068 1854 aperuit.
1083 1769 1145 1832 Lo-

174 1900 244 1937 cum
264 1879 418 1940 Plutarchi
438 1880 611 1940 Tunstnllus
629 1880 764 1961 intell-:git
778 1880 816 1941 de
830 1883 939 1941 marito
953 1879 987 1941 P.
1002 1879 1142 1964 Lentulo,

174 2008 266 2068 quem
294 1990 320 2047 ei
349 1987 454 2048 tribuit
479 1989 624 2049 Asconius
651 1988 690 2048 ad
719 1989 803 2049 Orat
828 1992 859 2048 in
885 1989 983 2050 Pison.
1009 1990 1070 2048 init
1101 1985 1143 2048 Et

174 2095 330 2155 Lentulum
352 2096 522 2179 simpliciter
543 2095 613 2156 dicit
633 2095 805 2157 Macrobius
826 2118 969 2179 generum
992 2096 1142 2156 Ciceronis

174 2202 244 2280 (lib.
267 2204 309 2281 ll,
331 2203 387 2285 3),
408 2215 438 2264 ct
458 2204 559 2286 paullo
580 2204 657 2265 infra
676 2204 846 2288 simpliciter
866 2203 1069 2266 Dolabellam.
1136 2234 1141 2243 ·

138 2309 175 2371 16
195 2311 244 2370 Sic
264 2310 332 2372 edd.
354 2313 408 2373 Ro.
430 2323 461 2372 et
481 2311 589 2390 llere,
609 2323 644 2372 ut
663 2334 710 2396 ep.
732 2333 797 2394 sup.
819 2323 893 2374 extr.

560 2553 711 2614 DXLVll.

138 2761 147 2797 ι
173 2738 305 2819 scilicet,
331 2751 431 2800 ecum
456 2740 495 2800 ae
521 2740 617 2802 horte
636 2743 703 2825 (ep.
731 2743 846 2826 oxu,
866 2743 909 2824 5)
930 2704 1091 2833 loquerer,
1107 2752 1142 2803 ut

174 2850 232 2906 iani
253 2842 413 2908 Manutius
428 2848 509 2910 vidie

134 2975 151 3013 α
173 2955 221 3014 Ex
241 2958 395 3037 provincia
414 2956 608 3042 redeuutem,
629 2979 675 3042 ep.
697 2958 822 3039 DXLV,
843 2960 872 3020 3.
895 3030 898 3038 γ

134 3061 151 3119 3
173 3063 275 3122 Prima
295 3075 326 3124 et
345 3068 507 3149 praecipua
528 3088 617 3126 causa
638 3067 721 3149 quod
741 3068 844 3128 fanum
866 3067 976 3129 celebri
996 3069 1063 3129 loco
1077 3067 1143 3132 ficri

173 3172 270 3230 velim.
292 3173 419 3254 Popma.

134 3277 317 3355 ilQuodam
339 3280 423 3362 loco,
444 3281 496 3340 ubi
518 3304 639 3343 manere
660 3287 785 3365 possim,
812 3298 842 3346 et
869 3289 899 3345 in
927 3286 1019 3347 hortis
1047 3307 1142 3370 prope

175 3385 282 3446 urbem
303 3408 366 3447 esse
387 3393 442 3470 ita,
463 3402 498 3450 ut
518 3411 573 3450 ucc
600 3394 630 3449 in
657 3392 747 3451 turba
774 3396 844 3470 sim,
872 3405 902 3455 et
928 3406 959 3455 te
984 3415 1087 3477 saepe,
1112 3405 1143 3457 et

176 3491 247 3551 alios
261 3497 372 3555 amicos
392 3518 512 3556 mecum
532 3496 669 3559 habeam.
695 3500 826 3561 Corrad..
840 3502 993 3563 Ernestius
1015 3504 1144 3584 corrige·

176 3595 228 3655 bat
247 3602 321 3659 milu'
341 3604 400 3685 ipsi
419 3601 648 3686 qrtielam‘locus
669 3609 714 3668 sit.

135 3701 156 3761 5
176 3704 336 3786 Eleganter
356 3712 398 3769 itu
418 3715 563 3793 positum,
585 3726 619 3775 ut
639 3719 669 3775 in
689 3739 735 3799 cp.
758 3718 910 3797 CXCVII,
937 3741 959 3777 1.

134 3810 155 3869 6
178 3810 244 3870 lloc
264 3826 327 3889 est,
352 3820 374 3874 si
399 3823 556 3898 pecuniam
583 3844 601 3880 a
627 3823 757 3885 Faberio
785 3829 952 3907 exprimere
979 3829 1143 3908 possimus,

175 3941 243 4001 opp.
264 3922 466 4008 Dxxxvttt,
489 3949 506 3986 a
529 3941 559 3989 et
580 3932 713 3993 DXLlll.

134 4047 150 4105 7
175 4027 328 4088 Suudeaut
349 4032 455 4094 scilicet
474 4036 618 4121 Faberio,
639 4051 674 4100 ut
695 4040 766 4101 mihi
780 4043 937 4124 pecuniam
952 4041 1060 4126 solvat,
1082 4042 1143 4124 vel,
