2648 4822
259 421 334 517 340
582 437 754 485 sarsroaa
780 437 932 483 ocxxxu.
1043 436 1076 484 s
1090 438 1125 485 v.
1142 438 1171 486 o
1190 435 1237 501 ‚oa

260 545 426 640 audieris,
451 555 487 613 te
511 542 615 612 istinc
639 564 745 637 posse
770 539 955 637 proficisci.
978 536 1071 611 Nihil
1090 553 1146 610 est
1160 565 1262 638 prae-

259 685 375 767 terea,
401 695 463 740 cur
488 664 785 738 advenientibus⁶
802 678 838 735 te
855 663 979 735 offerre
997 664 1132 760 gestias.
1151 650 1261 735 Multa

260 809 441 899 praeterea
465 805 603 889 metuo,
635 816 725 891 quae
757 816 839 862 cum
868 787 992 862 Cilone
1018 802 1141 862 nostro
1168 814 1264 862 com·

260 919 447 992 manicavi.
474 917 572 1008 Quid
597 914 725 988 multat
748 919 849 988 Loco
875 915 1129 1014 opportuniore
1153 915 1190 986 in
1211 914 1264 986 his

260 1047 361 1120 malis
385 1045 483 1120 nullo
509 1070 585 1118 esse
609 1045 772 1143 potuisti:
798 1070 842 1118 ex
867 1069 939 1144 quo
965 1057 1019 1142 te,
1042 1069 1264 1144 quocumque

147 1232 151 1238 .
261 1199 352 1272 opus
369 1175 445 1272 erit,
461 1170 624 1245 facillime
640 1185 677 1243 et
693 1169 956 1271 expeditissime
974 1168 1142 1243 conseras.
1158 1170 1265 1261 Quod

261 1299 291 1370 si
316 1299 462 1398 recipiet
486 1297 576 1370 iuer
603 1321 658 1395 se,
683 1296 730 1369 ad
755 1310 896 1395 tempus
921 1294 1044 1369 aderis.
1069 1296 1131 1368 Sin
1157 1305 1266 1398 (quo-

260 1424 384 1495 niam⁸
410 1422 520 1496 multa
542 1421 701 1496 accidere
721 1431 890 1522 possunt)
907 1421 1022 1522 aliqua
1038 1447 1094 1494 res
1111 1448 1192 1493 eum
1210 1421 1266 1494 vel

260 1548 453 1648 impediet,
477 1547 534 1621 vel
561 1546 777 1647 morabitur3
809 1561 847 1619 tu
872 1546 922 1620 ibi
947 1549 1038 1646 eris,
1061 1547 1120 1619 ubi
1148 1549 1266 1620 omnia

261 1675 351 1745 seire
376 1674 498 1772 possis.
531 1673 612 1745 Hoc
646 1673 731 1746 mihi
764 1699 908 1774 prorsus
934 1672 1036 1746 vaide
1062 1672 1187 1772 placet.
1213 1669 1280 1746 Dex

261 1795 413 1898 reliquo,
437 1811 477 1868 ut
503 1812 537 1869 te
563 1823 669 1897 saepe
695 1825 758 1898 per
784 1799 900 1872 literas
926 1798 1086 1873 hortatus
1105 1824 1201 1895 sum,
1216 1799 1266 1871 ita

261 1921 367 1994 velim
393 1922 457 1995 tibi
483 1923 711 2022 persuadeas,
744 1938 779 1996 te
805 1926 843 1996 in
869 1924 936 1997 hac
962 1950 1064 1996 causa
1091 1923 1178 1996 nihil
1204 1923 1266 1996 ha·

260 2044 361 2146 bere,
386 2047 484 2148 quod
509 2048 607 2120 tibio
634 2048 829 2123 timendum
855 2051 923 2146 sit,
949 2063 1087 2148 praeter
1112 2075 1267 2122 commu·

260 2197 344 2249 nem
376 2199 495 2246 casum
534 2174 708 2248 civitatis:
746 2177 807 2275 qui
840 2176 906 2248 etsi
938 2189 993 2248 est
1020 2175 1267 2273 gravissimus,

260 2309 380 2370 umen
413 2300 460 2370 ita
495 2300 665 2398 viximus,
698 2314 735 2372 et
767 2300 806 2373 id
832 2302 955 2374 aetatis
975 2315 1003 2351 ¹⁰
1028 2301 1098 2372 iam
1124 2327 1266 2400 sumus,

260 2438 301 2495 ut
317 2425 453 2522 omnia,
471 2451 560 2526 quae
578 2450 651 2498 non
670 2440 791 2502 nostra
809 2426 912 2527 culpa
935 2425 1267 2524 nohisaocidant11,

260 2546 396 2621 sortiter
432 2550 520 2622 serre
554 2550 753 2626 debeamus.
787 2555 855 2625 Hic
887 2554 938 2624 tui
973 2577 1094 2624 omnes
1125 2550 1266 2650 valent,

260 2698 465 2774 summaque
497 2678 629 2773 pietate
662 2691 697 2749 te
724 2679 940 2776 desiderant,
973 2692 1008 2749 et
1035 2676 1205 2776 diligunt,
1230 2690 1266 2749 et

262 2796 392 2869 colunt.
420 2799 476 2869 Tu
509 2814 546 2871 et
580 2827 661 2874 cura
696 2818 736 2875 ut
760 2805 895 2901 valeas,
921 2819 957 2876 et
983 2818 1018 2879 te
1042 2804 1146 2875 istinc
1165 2819 1194 2855 ¹²
1220 2828 1265 2875 ne

261 2933 392 2994 temere
418 2948 648 3000 commoveas.

642 3179 882 3252 DCXXXIII.
967 3223 1025 3279 (aa
1041 3221 1090 3266 Ao.
1108 3220 1178 3276 xm,
1192 3222 1240 3282 47)

261 3352 482 3427 Argumentum.
503 3349 576 3411 Post
597 3356 653 3412 alia
676 3358 824 3434 (praedam
848 3358 979 3416 breviter
1001 3369 1095 3428 tacta,
1110 3379 1140 3416 se
1159 3355 1265 3436 Lepidi

301 3457 394 3518 literis
406 3465 589 3517 commotum
607 3481 674 3520 mor
698 3465 735 3522 ad
758 3464 863 3524 urbem
886 3466 1087 3524 adventur-um
1110 3461 1266 3542 siguificat.
