<?xml version="1.0" encoding="UTF-8"?>
<!DOCTYPE html PUBLIC "-//W3C//DTD XHTML 1.0 Transitional//EN"
    "http://www.w3.org/TR/xhtml1/DTD/xhtml1-transitional.dtd">
<html xmlns="http://www.w3.org/1999/xhtml" xml:lang="en" lang="en">
 <head>
  <title>
</title>
<meta http-equiv="Content-Type" content="text/html;charset=utf-8" />
  <meta name='ocr-system' content='tesseract 3.04.00' />
  <meta name='ocr-capabilities' content='ocr_page ocr_carea ocr_par ocr_line ocrx_word'/>
</head>
<body>
  <div class='ocr_page' id='page_1' title='image "./mtulliiciceroni11cicegoog/mtulliiciceroni11cicegoog_0498.png"; bbox 0 0 2648 4822; ppageno 0'>
   <div class='ocr_carea' id='block_1_1' title="bbox 440 472 692 524">
    <p class='ocr_par' dir='ltr' id='par_1_1' title="bbox 440 472 692 524">
     <span class='ocr_line' id='line_1_1' title="bbox 440 472 692 524; baseline 0.008 -2"><span class='ocrx_word' id='word_1_1' title='bbox 440 475 478 524; x_wconf 75' lang='lat' dir='ltr'><strong>ln</strong></span> <span class='ocrx_word' id='word_1_2' title='bbox 503 472 692 524; x_wconf 69' lang='lat' dir='ltr'><strong>zelamus</strong></span> 
     </span>
    </p>
   </div>
   <div class='ocr_carea' id='block_1_2' title="bbox 489 682 642 747">
    <p class='ocr_par' dir='ltr' id='par_1_2' title="bbox 489 682 642 747">
     <span class='ocr_line' id='line_1_2' title="bbox 489 682 642 747; baseline -0.007 -4"><span class='ocrx_word' id='word_1_3' title='bbox 489 682 642 747; x_wconf 84' lang='lat' dir='ltr'><strong>DXCVll.</strong></span> 
     </span>
    </p>
   </div>
   <div class='ocr_carea' id='block_1_3' title="bbox 14 894 1080 2697">
    <p class='ocr_par' dir='ltr' id='par_1_3' title="bbox 71 894 1080 979">
     <span class='ocr_line' id='line_1_3' title="bbox 71 894 1080 979; baseline -0.002 -21"><span class='ocrx_word' id='word_1_4' title='bbox 71 920 80 958; x_wconf 85' lang='lat' dir='ltr'><strong>r</strong></span> <span class='ocrx_word' id='word_1_5' title='bbox 106 899 289 975; x_wconf 86' lang='lat' dir='ltr'><strong>Torannius,</strong></span> <span class='ocrx_word' id='word_1_6' title='bbox 309 899 354 957; x_wconf 77' lang='lat' dir='ltr'><strong>vir</strong></span> <span class='ocrx_word' id='word_1_7' title='bbox 373 897 554 979; x_wconf 79' lang='lat' dir='ltr'><strong>praetorius,</strong></span> <span class='ocrx_word' id='word_1_8' title='bbox 574 894 615 957; x_wconf 93' lang='lat' dir='ltr'><strong>ob</strong></span> <span class='ocrx_word' id='word_1_9' title='bbox 635 895 832 978; x_wconf 82' lang='lat' dir='ltr'><strong>Pompeianas</strong></span> <span class='ocrx_word' id='word_1_10' title='bbox 851 903 951 977; x_wconf 86' lang='lat' dir='ltr'><strong>partes</strong></span> <span class='ocrx_word' id='word_1_11' title='bbox 965 909 1080 979; x_wconf 63' lang='lat' dir='ltr'><strong>susce</strong></span> 
     </span>
    </p>

    <p class='ocr_par' dir='ltr' id='par_1_4' title="bbox 14 1000 1066 1194">
     <span class='ocr_line' id='line_1_4' title="bbox 14 1000 1066 1088; baseline -0.004 -22"><span class='ocrx_word' id='word_1_12' title='bbox 14 1080 16 1084; x_wconf 11' lang='grc' dir='ltr'><em>Α</em></span> <span class='ocrx_word' id='word_1_13' title='bbox 104 1017 170 1088; x_wconf 81' lang='lat' dir='ltr'><strong>ptus</strong></span> <span class='ocrx_word' id='word_1_14' title='bbox 200 1005 345 1066; x_wconf 83' lang='lat' dir='ltr'><strong>exsulasse</strong></span> <span class='ocrx_word' id='word_1_15' title='bbox 376 1003 434 1064; x_wconf 86' lang='lat' dir='ltr'><strong>hoe</strong></span> <span class='ocrx_word' id='word_1_16' title='bbox 463 1015 599 1086; x_wconf 83' lang='lat' dir='ltr'><strong>tempore</strong></span> <span class='ocrx_word' id='word_1_17' title='bbox 629 1004 778 1079; x_wconf 82' lang='lat' dir='ltr'>Corcyrae</span> <span class='ocrx_word' id='word_1_18' title='bbox 803 1000 922 1064; x_wconf 83' lang='lat' dir='ltr'><strong>videtur</strong></span> <span class='ocrx_word' id='word_1_19' title='bbox 952 1023 996 1063; x_wconf 85' lang='lat' dir='ltr'><strong>ex.</strong></span> <span class='ocrx_word' id='word_1_20' title='bbox 1019 1023 1066 1086; x_wconf 85' lang='lat' dir='ltr'><strong>ep.</strong></span> 
     </span>
     <span class='ocr_line' id='line_1_5' title="bbox 103 1108 850 1194; baseline -0.001 -22"><span class='ocrx_word' id='word_1_21' title='bbox 103 1112 285 1172; x_wconf 83' lang='lat' dir='ltr'><strong>ncxxxn.</strong></span> <span class='ocrx_word' id='word_1_22' title='bbox 304 1110 406 1191; x_wconf 82' lang='lat' dir='ltr'>Vulgo</span> <span class='ocrx_word' id='word_1_23' title='bbox 430 1111 585 1194; x_wconf 68' lang='lat' dir='ltr'><strong>Toranio,</strong></span> <span class='ocrx_word' id='word_1_24' title='bbox 605 1121 708 1171; x_wconf 85' lang='lat' dir='ltr'><strong>contra</strong></span> <span class='ocrx_word' id='word_1_25' title='bbox 728 1108 850 1193; x_wconf 81' lang='lat' dir='ltr'><strong>lapides.</strong></span> 
     </span>
    </p>

    <p class='ocr_par' dir='ltr' id='par_1_5' title="bbox 63 1216 1064 1409">
     <span class='ocr_line' id='line_1_6' title="bbox 63 1216 1064 1301; baseline -0.001 -22"><span class='ocrx_word' id='word_1_26' title='bbox 63 1240 81 1279; x_wconf 80' lang='lat' dir='ltr'><strong>a</strong></span> <span class='ocrx_word' id='word_1_27' title='bbox 103 1219 193 1299; x_wconf 90' lang='lat' dir='ltr'><strong>Quod</strong></span> <span class='ocrx_word' id='word_1_28' title='bbox 216 1219 375 1301; x_wconf 80' lang='lat' dir='ltr'><strong>gerebatur</strong></span> <span class='ocrx_word' id='word_1_29' title='bbox 394 1221 425 1279; x_wconf 89' lang='lat' dir='ltr'><strong>in</strong></span> <span class='ocrx_word' id='word_1_30' title='bbox 447 1218 596 1301; x_wconf 74' lang='lat' dir='ltr'><strong>Hispania.</strong></span> <span class='ocrx_word' id='word_1_31' title='bbox 624 1218 704 1279; x_wconf 81' lang='lat' dir='ltr'><strong>lufm</strong></span> <span class='ocrx_word' id='word_1_32' title='bbox 723 1216 834 1280; x_wconf 76' lang='lat' dir='ltr'><strong>Sehtitz</strong></span> <span class='ocrx_word' id='word_1_33' title='bbox 854 1219 980 1280; x_wconf 82' lang='lat' dir='ltr'><strong>coniecit</strong></span> <span class='ocrx_word' id='word_1_34' title='bbox 1001 1217 1064 1279; x_wconf 87' lang='lat' dir='ltr'><strong>edi·</strong></span> 
     </span>
     <span class='ocr_line' id='line_1_7' title="bbox 104 1325 584 1409; baseline 0.002 -22"><span class='ocrx_word' id='word_1_35' title='bbox 104 1328 207 1409; x_wconf 89' lang='lat' dir='ltr'><strong>ditque</strong></span> <span class='ocrx_word' id='word_1_36' title='bbox 226 1340 280 1388; x_wconf 81' lang='lat' dir='ltr'><strong>aut</strong></span> <span class='ocrx_word' id='word_1_37' title='bbox 299 1330 361 1386; x_wconf 82' lang='lat' dir='ltr'><strong>iam</strong></span> <span class='ocrx_word' id='word_1_38' title='bbox 382 1325 460 1387; x_wconf 73' lang='lat' dir='ltr'><strong>itud</strong></span> <span class='ocrx_word' id='word_1_39' title='bbox 476 1340 584 1390; x_wconf 75' lang='lat' dir='ltr'><strong>acmm.</strong></span> 
     </span>
    </p>

    <p class='ocr_par' dir='ltr' id='par_1_6' title="bbox 65 1432 878 1517">
     <span class='ocr_line' id='line_1_8' title="bbox 65 1432 878 1517; baseline -0.001 -22"><span class='ocrx_word' id='word_1_40' title='bbox 65 1435 83 1495; x_wconf 87' lang='lat'>3</span> <span class='ocrx_word' id='word_1_41' title='bbox 104 1436 295 1517; x_wconf 83' lang='lat' dir='ltr'><strong>Pompeiane.</strong></span> <span class='ocrx_word' id='word_1_42' title='bbox 321 1432 445 1494; x_wconf 75' lang='lat' dir='ltr'><strong>Corrad.</strong></span> <span class='ocrx_word' id='word_1_43' title='bbox 877 1504 878 1510; x_wconf 6' lang='grc' dir='ltr'>ἵ</span> 
     </span>
    </p>

    <p class='ocr_par' dir='ltr' id='par_1_7' title="bbox 62 1539 1065 2055">
     <span class='ocr_line' id='line_1_9' title="bbox 62 1539 1064 1624; baseline 0 -23"><span class='ocrx_word' id='word_1_44' title='bbox 62 1544 83 1619; x_wconf 71' lang='grc'>4</span> <span class='ocrx_word' id='word_1_45' title='bbox 105 1542 229 1602; x_wconf 87' lang='lat' dir='ltr'><strong>iniustos</strong></span> <span class='ocrx_word' id='word_1_46' title='bbox 251 1541 386 1601; x_wconf 89' lang='lat' dir='ltr'><strong>dominos</strong></span> <span class='ocrx_word' id='word_1_47' title='bbox 407 1561 525 1602; x_wconf 87' lang='lat' dir='ltr'><strong>eramus</strong></span> <span class='ocrx_word' id='word_1_48' title='bbox 545 1539 690 1624; x_wconf 76' lang='lat' dir='ltr'><strong>habituri,</strong></span> <span class='ocrx_word' id='word_1_49' title='bbox 704 1540 882 1624; x_wconf 88' lang='lat' dir='ltr'><strong>Pompeium</strong></span> <span class='ocrx_word' id='word_1_50' title='bbox 896 1550 927 1601; x_wconf 90' lang='lat' dir='ltr'><strong>et</strong></span> <span class='ocrx_word' id='word_1_51' title='bbox 938 1561 1064 1624; x_wconf 82' lang='lat' dir='ltr'><strong>paucos,</strong></span> 
     </span>
     <span class='ocr_line' id='line_1_10' title="bbox 103 1647 1065 1731; baseline -0.001 -22"><span class='ocrx_word' id='word_1_52' title='bbox 103 1669 178 1731; x_wconf 90' lang='lat' dir='ltr'><strong>quos</strong></span> <span class='ocrx_word' id='word_1_53' title='bbox 197 1648 245 1709; x_wconf 91' lang='lat' dir='ltr'><strong>ille</strong></span> <span class='ocrx_word' id='word_1_54' title='bbox 266 1647 426 1730; x_wconf 74' lang='lat' dir='ltr'><strong>eradiebet3</strong></span> <span class='ocrx_word' id='word_1_55' title='bbox 450 1668 634 1731; x_wconf 71' lang='lat' dir='ltr'><strong>‹piamquam</strong></span> <span class='ocrx_word' id='word_1_56' title='bbox 655 1647 791 1710; x_wconf 87' lang='lat' dir='ltr'><strong>mallem:</strong></span> <span class='ocrx_word' id='word_1_57' title='bbox 813 1648 842 1708; x_wconf 76' lang='grc' dir='ltr'><strong>εἰ</strong></span> <span class='ocrx_word' id='word_1_58' title='bbox 860 1647 991 1727; x_wconf 77' lang='lat' dir='ltr'><em>vicisses,</em></span> <span class='ocrx_word' id='word_1_59' title='bbox 1018 1647 1065 1708; x_wconf 82' lang='lat' dir='ltr'><strong>in·</strong></span> 
     </span>
     <span class='ocr_line' id='line_1_11' title="bbox 101 1755 1065 1839; baseline 0 -23"><span class='ocrx_word' id='word_1_60' title='bbox 101 1758 233 1829; x_wconf 71' lang='lat' dir='ltr'><strong>teritum,</strong></span> <span class='ocrx_word' id='word_1_61' title='bbox 260 1767 384 1839; x_wconf 83' lang='lat' dir='ltr'><strong>propter</strong></span> <span class='ocrx_word' id='word_1_62' title='bbox 409 1759 636 1839; x_wconf 79' lang='lat' dir='ltr'>proscriptiones</span> <span class='ocrx_word' id='word_1_63' title='bbox 657 1769 688 1818; x_wconf 90' lang='lat' dir='ltr'><strong>et</strong></span> <span class='ocrx_word' id='word_1_64' title='bbox 708 1755 813 1817; x_wconf 81' lang='lat' dir='ltr'><strong>caedes</strong></span> <span class='ocrx_word' id='word_1_65' title='bbox 840 1756 1065 1816; x_wconf 67' lang='lat' dir='ltr'><strong>denuntiatam</strong></span> 
     </span>
     <span class='ocr_line' id='line_1_12' title="bbox 100 1863 1063 1948; baseline 0.001 -26"><span class='ocrx_word' id='word_1_66' title='bbox 100 1863 287 1946; x_wconf 83' lang='lat' dir='ltr'>Pompeianis</span> <span class='ocrx_word' id='word_1_67' title='bbox 308 1866 373 1948; x_wconf 88' lang='lat' dir='ltr'><strong>(ep.</strong></span> <span class='ocrx_word' id='word_1_68' title='bbox 396 1863 618 1940; x_wconf 81' lang='lat' dir='ltr'>CCCXXXW,</span> <span class='ocrx_word' id='word_1_69' title='bbox 644 1867 694 1943; x_wconf 88' lang='lat'><strong>1):</strong></span> <span class='ocrx_word' id='word_1_70' title='bbox 725 1877 779 1925; x_wconf 83' lang='lat' dir='ltr'><strong>aut</strong></span> <span class='ocrx_word' id='word_1_71' title='bbox 804 1864 942 1924; x_wconf 73' lang='lat' dir='ltr'><strong>sirletus</strong></span> <span class='ocrx_word' id='word_1_72' title='bbox 962 1885 1063 1938; x_wconf 76' lang='lat' dir='ltr'><strong>esses,</strong></span> 
     </span>
     <span class='ocr_line' id='line_1_13' title="bbox 99 1969 1063 2055; baseline 0.002 -26"><span class='ocrx_word' id='word_1_73' title='bbox 99 1975 270 2052; x_wconf 73' lang='lat' dir='ltr'><strong>servitutem,</strong></span> <span class='ocrx_word' id='word_1_74' title='bbox 284 1992 391 2055; x_wconf 86' lang='lat' dir='ltr'>nempe</span> <span class='ocrx_word' id='word_1_75' title='bbox 405 1969 462 2032; x_wconf 88' lang='lat' dir='ltr'><strong>snb</strong></span> <span class='ocrx_word' id='word_1_76' title='bbox 477 1970 619 2054; x_wconf 77' lang='lat' dir='ltr'><strong>Caesare3</strong></span> <span class='ocrx_word' id='word_1_77' title='bbox 632 1971 716 2053; x_wconf 82' lang='lat' dir='ltr'><strong>quod</strong></span> <span class='ocrx_word' id='word_1_78' title='bbox 730 1974 834 2034; x_wconf 81' lang='lat' dir='ltr'><strong>evenit</strong></span> <span class='ocrx_word' id='word_1_79' title='bbox 845 1970 876 2031; x_wconf 81' lang='lat'><strong>⁴1.</strong></span> <span class='ocrx_word' id='word_1_80' title='bbox 887 1971 923 2032; x_wconf 75' lang='lat' dir='ltr'><strong>F.</strong></span> <span class='ocrx_word' id='word_1_81' title='bbox 934 1970 1063 2032; x_wconf 84' lang='lat' dir='ltr'><strong>Grnnov.</strong></span> 
     </span>
    </p>

    <p class='ocr_par' dir='ltr' id='par_1_8' title="bbox 57 2078 1064 2483">
     <span class='ocr_line' id='line_1_14' title="bbox 57 2078 1063 2163; baseline 0 -23"><span class='ocrx_word' id='word_1_82' title='bbox 57 2079 79 2140; x_wconf 80' lang='lat'><strong><em>5</em></strong></span> <span class='ocrx_word' id='word_1_83' title='bbox 99 2081 132 2138; x_wconf 92' lang='lat' dir='ltr'><strong>L.</strong></span> <span class='ocrx_word' id='word_1_84' title='bbox 152 2081 301 2139; x_wconf 82' lang='lat' dir='ltr'>Domitius</span> <span class='ocrx_word' id='word_1_85' title='bbox 321 2091 408 2161; x_wconf 88' lang='lat' dir='ltr'><strong>pater</strong></span> <span class='ocrx_word' id='word_1_86' title='bbox 422 2091 453 2140; x_wconf 91' lang='lat' dir='ltr'><strong>et</strong></span> <span class='ocrx_word' id='word_1_87' title='bbox 466 2078 519 2139; x_wconf 84' lang='lat' dir='ltr'><strong>Cn.</strong></span> <span class='ocrx_word' id='word_1_88' title='bbox 533 2081 622 2139; x_wconf 91' lang='lat' dir='ltr'><strong>Dom.</strong></span> <span class='ocrx_word' id='word_1_89' title='bbox 647 2078 740 2163; x_wconf 79' lang='lat' dir='ltr'><strong>lilius,</strong></span> <span class='ocrx_word' id='word_1_90' title='bbox 760 2080 795 2140; x_wconf 92' lang='lat' dir='ltr'><strong>L.</strong></span> <span class='ocrx_word' id='word_1_91' title='bbox 816 2079 960 2140; x_wconf 85' lang='lat' dir='ltr'><strong>Lentulus</strong></span> <span class='ocrx_word' id='word_1_92' title='bbox 979 2078 1063 2160; x_wconf 89' lang='lat' dir='ltr'><strong>(tum</strong></span> 
     </span>
     <span class='ocr_line' id='line_1_15' title="bbox 99 2186 1064 2270; baseline 0.004 -25"><span class='ocrx_word' id='word_1_93' title='bbox 99 2186 177 2266; x_wconf 83' lang='lat' dir='ltr'><strong>ces.)</strong></span> <span class='ocrx_word' id='word_1_94' title='bbox 196 2197 227 2246; x_wconf 91' lang='lat' dir='ltr'><strong>et</strong></span> <span class='ocrx_word' id='word_1_95' title='bbox 255 2186 381 2247; x_wconf 84' lang='lat' dir='ltr'><strong>Publius</strong></span> <span class='ocrx_word' id='word_1_96' title='bbox 401 2186 553 2248; x_wconf 76' lang='lat' dir='ltr'><strong>Lentulus.</strong></span> <span class='ocrx_word' id='word_1_97' title='bbox 570 2186 695 2248; x_wconf 74' lang='lat' dir='ltr'><strong>Cormd.</strong></span> <span class='ocrx_word' id='word_1_98' title='bbox 709 2186 807 2248; x_wconf 85' lang='lat' dir='ltr'><strong>Voces</strong></span> <span class='ocrx_word' id='word_1_99' title='bbox 817 2187 925 2269; x_wconf 77' lang='lat' dir='ltr'><strong>fimes,</strong></span> <span class='ocrx_word' id='word_1_100' title='bbox 947 2189 1064 2270; x_wconf 84' lang='lat' dir='ltr'><strong>sapien·</strong></span> 
     </span>
     <span class='ocr_line' id='line_1_16' title="bbox 98 2293 1061 2378; baseline 0.003 -25"><span class='ocrx_word' id='word_1_101' title='bbox 98 2309 139 2353; x_wconf 79' lang='lat' dir='ltr'><strong>tes</strong></span> <span class='ocrx_word' id='word_1_102' title='bbox 161 2306 240 2354; x_wconf 88' lang='lat' dir='ltr'><strong>recte</strong></span> <span class='ocrx_word' id='word_1_103' title='bbox 261 2295 413 2356; x_wconf 78' lang='lat' dir='ltr'><strong>Manutius</strong></span> <span class='ocrx_word' id='word_1_104' title='bbox 433 2315 501 2355; x_wconf 87' lang='lat' dir='ltr'><strong>cum</strong></span> <span class='ocrx_word' id='word_1_105' title='bbox 516 2296 610 2357; x_wconf 88' lang='lat' dir='ltr'><strong>ironia</strong></span> <span class='ocrx_word' id='word_1_106' title='bbox 625 2293 719 2354; x_wconf 84' lang='lat' dir='ltr'><strong>dietas</strong></span> <span class='ocrx_word' id='word_1_107' title='bbox 733 2296 847 2378; x_wconf 79' lang='lat' dir='ltr'><strong>accipit.</strong></span> <span class='ocrx_word' id='word_1_108' title='bbox 862 2295 944 2355; x_wconf 87' lang='lat' dir='ltr'><strong>Tum</strong></span> <span class='ocrx_word' id='word_1_109' title='bbox 956 2295 1061 2356; x_wconf 90' lang='lat' dir='ltr'><strong>Lamb.</strong></span> 
     </span>
     <span class='ocr_line' id='line_1_17' title="bbox 99 2413 277 2483; baseline 0.006 -24"><span class='ocrx_word' id='word_1_110' title='bbox 99 2413 128 2459; x_wconf 81' lang='lat' dir='ltr'><strong>et</strong></span> <span class='ocrx_word' id='word_1_111' title='bbox 145 2421 228 2461; x_wconf 83' lang='lat' dir='ltr'><strong>emm</strong></span> <span class='ocrx_word' id='word_1_112' title='bbox 246 2423 277 2483; x_wconf 85' lang='lat' dir='ltr'><strong>p.</strong></span> 
     </span>
    </p>

    <p class='ocr_par' dir='ltr' id='par_1_9' title="bbox 56 2507 569 2592">
     <span class='ocr_line' id='line_1_18' title="bbox 56 2507 569 2592; baseline -0.004 -23"><span class='ocrx_word' id='word_1_113' title='bbox 56 2507 78 2569; x_wconf 85' lang='lat'><strong>6</strong></span> <span class='ocrx_word' id='word_1_114' title='bbox 98 2508 206 2569; x_wconf 86' lang='lat' dir='ltr'><strong>Ambh.</strong></span> <span class='ocrx_word' id='word_1_115' title='bbox 228 2520 294 2570; x_wconf 84' lang='lat' dir='ltr'><strong>tert.</strong></span> <span class='ocrx_word' id='word_1_116' title='bbox 315 2520 345 2570; x_wconf 89' lang='lat' dir='ltr'><strong>et</strong></span> <span class='ocrx_word' id='word_1_117' title='bbox 365 2520 438 2592; x_wconf 80' lang='lat' dir='ltr'><strong>sept.</strong></span> <span class='ocrx_word' id='word_1_118' title='bbox 455 2508 569 2591; x_wconf 74' lang='lat' dir='ltr'><strong>perfici.</strong></span> 
     </span>
    </p>

    <p class='ocr_par' dir='ltr' id='par_1_10' title="bbox 57 2615 1019 2697">
     <span class='ocr_line' id='line_1_19' title="bbox 57 2615 1019 2697; baseline 0.001 -21"><span class='ocrx_word' id='word_1_119' title='bbox 57 2637 75 2696; x_wconf 81' lang='lat'>7</span> <span class='ocrx_word' id='word_1_120' title='bbox 97 2615 232 2676; x_wconf 85' lang='lat' dir='ltr'><strong>Subaudi</strong></span> <span class='ocrx_word' id='word_1_121' title='bbox 253 2618 375 2678; x_wconf 69' lang='lat' dir='ltr'><strong>umbem.</strong></span> <span class='ocrx_word' id='word_1_122' title='bbox 397 2616 499 2677; x_wconf 87' lang='lat' dir='ltr'><strong>Simile</strong></span> <span class='ocrx_word' id='word_1_123' title='bbox 520 2616 595 2677; x_wconf 91' lang='lat' dir='ltr'><strong>illud</strong></span> <span class='ocrx_word' id='word_1_124' title='bbox 616 2616 730 2697; x_wconf 84' lang='lat' dir='ltr'><strong>Virgilii</strong></span> <span class='ocrx_word' id='word_1_125' title='bbox 750 2615 813 2677; x_wconf 85' lang='lat' dir='ltr'><strong>Ecl.</strong></span> <span class='ocrx_word' id='word_1_126' title='bbox 835 2617 895 2697; x_wconf 83' lang='lat' dir='ltr'><strong>lll,</strong></span> <span class='ocrx_word' id='word_1_127' title='bbox 916 2638 943 2677; x_wconf 87' lang='lat' dir='ltr'><strong>v.</strong></span> <span class='ocrx_word' id='word_1_128' title='bbox 964 2615 1019 2680; x_wconf 85' lang='lat'><strong>80:</strong></span> 
     </span>
    </p>
   </div>
   <div class='ocr_carea' id='block_1_4' title="bbox 406 2775 716 2848">
    <p class='ocr_par' dir='ltr' id='par_1_11' title="bbox 406 2775 716 2848">
     <span class='ocr_line' id='line_1_20' title="bbox 406 2775 716 2848; baseline -0.003 -19"><span class='ocrx_word' id='word_1_129' title='bbox 406 2775 490 2831; x_wconf 79' lang='lat' dir='ltr'><strong>Triste</strong></span> <span class='ocrx_word' id='word_1_130' title='bbox 508 2778 583 2848; x_wconf 76' lang='lat' dir='ltr'><strong>lupus</strong></span> <span class='ocrx_word' id='word_1_131' title='bbox 601 2776 716 2829; x_wconf 79' lang='lat' dir='ltr'><strong>stabulis.</strong></span> 
     </span>
    </p>
   </div>
   <div class='ocr_carea' id='block_1_5' title="bbox 55 2921 1061 3124">
    <p class='ocr_par' dir='ltr' id='par_1_12' title="bbox 55 2921 1061 3124">
     <span class='ocr_line' id='line_1_21' title="bbox 55 2921 1061 3016; baseline 0.004 -26"><span class='ocrx_word' id='word_1_132' title='bbox 55 2929 76 2990; x_wconf 82' lang='lat'>8</span> <span class='ocrx_word' id='word_1_133' title='bbox 98 2929 191 3012; x_wconf 82' lang='lat' dir='ltr'><strong>ipsius</strong></span> <span class='ocrx_word' id='word_1_134' title='bbox 212 2935 254 2992; x_wconf 85' lang='lat' dir='ltr'><strong>rei</strong></span> <span class='ocrx_word' id='word_1_135' title='bbox 275 2932 368 3015; x_wconf 86' lang='lat' dir='ltr'><strong>publ,</strong></span> <span class='ocrx_word' id='word_1_136' title='bbox 389 2935 474 2994; x_wconf 88' lang='lat' dir='ltr'><strong>cuius</strong></span> <span class='ocrx_word' id='word_1_137' title='bbox 494 2946 581 2994; x_wconf 88' lang='lat' dir='ltr'><strong>antea</strong></span> <span class='ocrx_word' id='word_1_138' title='bbox 603 2933 742 3016; x_wconf 72' lang='lat' dir='ltr'><strong>dignitas,</strong></span> <span class='ocrx_word' id='word_1_139' title='bbox 762 2933 842 2995; x_wconf 87' lang='lat' dir='ltr'><strong>bello</strong></span> <span class='ocrx_word' id='word_1_140' title='bbox 863 2946 963 2995; x_wconf 84' lang='lat' dir='ltr'><strong>nutem</strong></span> <span class='ocrx_word' id='word_1_141' title='bbox 983 2921 1061 2995; x_wconf 73' lang='lat' dir='ltr'><strong>eivili</strong></span> 
     </span>
     <span class='ocr_line' id='line_1_22' title="bbox 97 3037 1060 3124; baseline 0.006 -28"><span class='ocrx_word' id='word_1_142' title='bbox 97 3037 174 3097; x_wconf 88' lang='lat' dir='ltr'><strong>salus</strong></span> <span class='ocrx_word' id='word_1_143' title='bbox 195 3040 283 3098; x_wconf 89' lang='lat' dir='ltr'><strong>etiam</strong></span> <span class='ocrx_word' id='word_1_144' title='bbox 305 3040 441 3101; x_wconf 82' lang='lat' dir='ltr'><strong>concidit.</strong></span> <span class='ocrx_word' id='word_1_145' title='bbox 462 3040 615 3122; x_wconf 83' lang='lat' dir='ltr'><strong>Significat</strong></span> <span class='ocrx_word' id='word_1_146' title='bbox 634 3041 708 3103; x_wconf 93' lang='lat' dir='ltr'><strong>illud</strong></span> <span class='ocrx_word' id='word_1_147' title='bbox 735 3053 868 3124; x_wconf 81' lang='lat' dir='ltr'><strong>tempus,</strong></span> <span class='ocrx_word' id='word_1_148' title='bbox 895 3063 988 3123; x_wconf 90' lang='lat' dir='ltr'><strong>quum</strong></span> <span class='ocrx_word' id='word_1_149' title='bbox 1009 3063 1060 3102; x_wconf 89' lang='lat' dir='ltr'><strong>ac·</strong></span> 
     </span>
    </p>
   </div>
   <div class='ocr_carea' id='block_1_6' title="bbox 53 3145 1061 3876">
    <p class='ocr_par' dir='ltr' id='par_1_13' title="bbox 95 3145 1061 3424">
     <span class='ocr_line' id='line_1_23' title="bbox 95 3145 1059 3229; baseline 0.004 -25"><span class='ocrx_word' id='word_1_150' title='bbox 95 3146 259 3228; x_wconf 69' lang='lat' dir='ltr'><strong>cipiendrs,</strong></span> <span class='ocrx_word' id='word_1_151' title='bbox 280 3168 354 3229; x_wconf 86' lang='lat' dir='ltr'><strong>quas</strong></span> <span class='ocrx_word' id='word_1_152' title='bbox 373 3145 440 3208; x_wconf 89' lang='lat' dir='ltr'><strong>tulit</strong></span> <span class='ocrx_word' id='word_1_153' title='bbox 461 3149 587 3229; x_wconf 86' lang='lat' dir='ltr'><strong>Caesar,</strong></span> <span class='ocrx_word' id='word_1_154' title='bbox 608 3149 790 3209; x_wconf 89' lang='lat' dir='ltr'><strong>conditiones</strong></span> <span class='ocrx_word' id='word_1_155' title='bbox 811 3152 941 3228; x_wconf 83' lang='lat' dir='ltr'><strong>censuit,</strong></span> <span class='ocrx_word' id='word_1_156' title='bbox 957 3169 995 3209; x_wconf 91' lang='lat' dir='ltr'><strong>ne</strong></span> <span class='ocrx_word' id='word_1_157' title='bbox 1015 3151 1059 3210; x_wconf 87' lang='lat' dir='ltr'><strong>rei</strong></span> 
     </span>
     <span class='ocr_line' id='line_1_24' title="bbox 95 3251 1061 3340; baseline 0.004 -28"><span class='ocrx_word' id='word_1_158' title='bbox 95 3251 178 3334; x_wconf 88' lang='lat' dir='ltr'><strong>publ.</strong></span> <span class='ocrx_word' id='word_1_159' title='bbox 199 3253 292 3332; x_wconf 89' lang='lat' dir='ltr'><strong>sulus,</strong></span> <span class='ocrx_word' id='word_1_160' title='bbox 312 3253 434 3336; x_wconf 86' lang='lat' dir='ltr'><strong>quaudo</strong></span> <span class='ocrx_word' id='word_1_161' title='bbox 454 3259 513 3316; x_wconf 86' lang='lat' dir='ltr'><strong>iam</strong></span> <span class='ocrx_word' id='word_1_162' title='bbox 535 3255 661 3338; x_wconf 80' lang='lat' dir='ltr'><strong>dignitas</strong></span> <span class='ocrx_word' id='word_1_163' title='bbox 681 3259 788 3317; x_wconf 85' lang='lat' dir='ltr'><strong>amissa</strong></span> <span class='ocrx_word' id='word_1_164' title='bbox 809 3269 887 3340; x_wconf 79' lang='lat' dir='ltr'><strong>erat,</strong></span> <span class='ocrx_word' id='word_1_165' title='bbox 908 3260 938 3317; x_wconf 90' lang='lat' dir='ltr'><strong>in</strong></span> <span class='ocrx_word' id='word_1_166' title='bbox 960 3257 1061 3318; x_wconf 90' lang='lat' dir='ltr'><strong>discri-</strong></span> 
     </span>
     <span class='ocr_line' id='line_1_25' title="bbox 95 3360 530 3424; baseline 0.014 -7"><span class='ocrx_word' id='word_1_167' title='bbox 95 3380 164 3419; x_wconf 89' lang='lat' dir='ltr'><strong>men</strong></span> <span class='ocrx_word' id='word_1_168' title='bbox 185 3360 393 3421; x_wconf 88' lang='lat' dir='ltr'><strong>adduceretur.</strong></span> <span class='ocrx_word' id='word_1_169' title='bbox 414 3361 530 3424; x_wconf 69' lang='lat' dir='ltr'><strong>Manui.</strong></span> 
     </span>
    </p>

    <p class='ocr_par' dir='ltr' id='par_1_14' title="bbox 53 3465 1059 3638">
     <span class='ocr_line' id='line_1_26' title="bbox 53 3465 1059 3554; baseline 0.009 -30"><span class='ocrx_word' id='word_1_170' title='bbox 53 3465 181 3546; x_wconf 76' lang='lat' dir='ltr'><strong>9A1nb.</strong></span> <span class='ocrx_word' id='word_1_171' title='bbox 202 3479 267 3528; x_wconf 82' lang='lat' dir='ltr'><strong>tert.</strong></span> <span class='ocrx_word' id='word_1_172' title='bbox 289 3490 381 3551; x_wconf 77' lang='lat' dir='ltr'><strong>qrucm</strong></span> <span class='ocrx_word' id='word_1_173' title='bbox 406 3470 612 3542; x_wconf 67' lang='lat' dir='ltr'><strong>recordabem</strong></span> <span class='ocrx_word' id='word_1_174' title='bbox 635 3472 771 3534; x_wconf 87' lang='lat' dir='ltr'><strong>Lambin.</strong></span> <span class='ocrx_word' id='word_1_175' title='bbox 790 3495 883 3554; x_wconf 83' lang='lat' dir='ltr'><strong>quum</strong></span> <span class='ocrx_word' id='word_1_176' title='bbox 897 3472 1059 3546; x_wconf 74' lang='lat' dir='ltr'><strong>recordare,</strong></span> 
     </span>
     <span class='ocr_line' id='line_1_27' title="bbox 95 3572 438 3638; baseline 0.02 -8"><span class='ocrx_word' id='word_1_177' title='bbox 95 3582 128 3632; x_wconf 91' lang='lat' dir='ltr'><strong>ut</strong></span> <span class='ocrx_word' id='word_1_178' title='bbox 149 3572 303 3635; x_wconf 77' lang='lat' dir='ltr'><strong>Schtiteius</strong></span> <span class='ocrx_word' id='word_1_179' title='bbox 325 3576 438 3638; x_wconf 82' lang='lat' dir='ltr'><strong>rnaluit.</strong></span> 
     </span>
    </p>

    <p class='ocr_par' dir='ltr' id='par_1_15' title="bbox 59 3680 495 3767">
     <span class='ocr_line' id='line_1_28' title="bbox 59 3680 495 3767; baseline 0.023 -31"><span class='ocrx_word' id='word_1_180' title='bbox 59 3699 94 3738; x_wconf 86' lang='lat' dir='ltr'><strong>ro</strong></span> <span class='ocrx_word' id='word_1_181' title='bbox 115 3680 200 3739; x_wconf 80' lang='lat' dir='ltr'><strong>Amb.</strong></span> <span class='ocrx_word' id='word_1_182' title='bbox 227 3682 262 3742; x_wconf 78' lang='lat'><strong>15</strong></span> <span class='ocrx_word' id='word_1_183' title='bbox 283 3685 413 3767; x_wconf 81' lang='lat' dir='ltr'><strong>interque</strong></span> <span class='ocrx_word' id='word_1_184' title='bbox 432 3707 495 3747; x_wconf 86' lang='lat' dir='ltr'><strong>nos.</strong></span> 
     </span>
    </p>

    <p class='ocr_par' dir='ltr' id='par_1_16' title="bbox 57 3787 622 3876">
     <span class='ocr_line' id='line_1_29' title="bbox 57 3787 622 3876; baseline 0.021 -34"><span class='ocrx_word' id='word_1_185' title='bbox 57 3807 87 3843; x_wconf 88' lang='grc' dir='ltr'><strong>ιι</strong></span> <span class='ocrx_word' id='word_1_186' title='bbox 117 3787 199 3848; x_wconf 85' lang='lat' dir='ltr'><strong>ldem</strong></span> <span class='ocrx_word' id='word_1_187' title='bbox 221 3790 285 3851; x_wconf 91' lang='lat' dir='ltr'><strong>cod.</strong></span> <span class='ocrx_word' id='word_1_188' title='bbox 308 3814 377 3853; x_wconf 86' lang='lat' dir='ltr'><strong>cum</strong></span> <span class='ocrx_word' id='word_1_189' title='bbox 399 3794 469 3856; x_wconf 84' lang='lat' dir='ltr'><strong>Rec.</strong></span> <span class='ocrx_word' id='word_1_190' title='bbox 488 3816 622 3876; x_wconf 84' lang='lat' dir='ltr'><strong>possum.</strong></span> 
     </span>
    </p>
   </div>
   <div class='ocr_carea' id='block_1_7' title="bbox 0 0 1328 4822">
    <p class='ocr_par' dir='ltr' id='par_1_17' title="bbox 0 0 1328 4822">
     <span class='ocr_line' id='line_1_30' title="bbox 0 0 1328 4822; baseline 0 4"><span class='ocrx_word' id='word_1_191' title='bbox 0 0 1328 4822; x_wconf 95' lang='lat' dir='ltr'><strong> </strong></span> 
     </span>
    </p>
   </div>
  </div>
 </body>
</html>
